  <div class='ocr_page' id='page_1' title='image "/cluster/home/n/w/nwhite01/storage/ocr_20150623/59/nnc1.0046979891/436.png"; bbox 0 0 4126 6366; ppageno 0'>
   <div class='ocr_carea' id='block_1_1' title="bbox 250 370 361 426">
    <p class='ocr_par' dir='ltr' id='par_1_1' title="bbox 250 370 361 426">
     <span class='ocr_line' id='line_1_1' title="bbox 250 370 361 426; baseline 0.009 -2"><span class='ocrx_word' id='word_1_1' title='bbox 250 370 361 426; x_wconf 72' lang='grc'>439</span> 
     </span>
    </p>
   </div>
   <div class='ocr_carea' id='block_1_2' title="bbox 246 483 1915 568">
    <p class='ocr_par' dir='ltr' id='par_1_2' title="bbox 246 483 1915 568">
     <span class='ocr_line' id='line_1_2' title="bbox 246 483 1915 568; baseline 0.003 -27"><span class='ocrx_word' id='word_1_2' title='bbox 246 486 420 541; x_wconf 76' lang='grc' dir='ltr'>εἰπὼν</span> <span class='ocrx_word' id='word_1_3' title='bbox 474 488 617 559; x_wconf 70' lang='grc' dir='ltr'>ἅπερ</span> <span class='ocrx_word' id='word_1_4' title='bbox 655 483 842 542; x_wconf 72' lang='grc' dir='ltr'>εἶπεν·</span> <span class='ocrx_word' id='word_1_5' title='bbox 877 491 1076 547; x_wconf 76' lang='grc' dir='ltr'>ὡσανεὶ</span> <span class='ocrx_word' id='word_1_6' title='bbox 1103 492 1285 563; x_wconf 78' lang='grc' dir='ltr'>ἔλεγε·</span> <span class='ocrx_word' id='word_1_7' title='bbox 1333 497 1488 568; x_wconf 85' lang='grc' dir='ltr'>Μήτε</span> <span class='ocrx_word' id='word_1_8' title='bbox 1544 497 1779 560; x_wconf 84' lang='grc' dir='ltr'>ἀκούων,</span> <span class='ocrx_word' id='word_1_9' title='bbox 1833 495 1915 547; x_wconf 84' lang='grc' dir='ltr'>ὅτι</span> 
     </span>
    </p>
   </div>
   <div class='ocr_carea' id='block_1_3' title="bbox 265 576 1915 655">
    <p class='ocr_par' dir='ltr' id='par_1_3' title="bbox 265 576 1915 655">
     <span class='ocr_line' id='line_1_3' title="bbox 265 576 1915 655; baseline 0.002 -26"><span class='ocrx_word' id='word_1_10' title='bbox 265 576 427 643; x_wconf 77' lang='grc' dir='ltr'>Ἐμοὶ</span> <span class='ocrx_word' id='word_1_11' title='bbox 457 576 679 642; x_wconf 86' lang='grc' dir='ltr'>αὐτοὺς</span> <span class='ocrx_word' id='word_1_12' title='bbox 710 577 959 645; x_wconf 75' lang='grc' dir='ltr'>ἔδωκας,</span> <span class='ocrx_word' id='word_1_13' title='bbox 980 580 1209 652; x_wconf 82' lang='grc' dir='ltr'>νομίσῃς</span> <span class='ocrx_word' id='word_1_14' title='bbox 1230 581 1425 645; x_wconf 83' lang='grc' dir='ltr'>αὐτοὺς</span> <span class='ocrx_word' id='word_1_15' title='bbox 1446 583 1756 655; x_wconf 78' lang='grc' dir='ltr'>ἀλλοτρίους</span> <span class='ocrx_word' id='word_1_16' title='bbox 1778 579 1915 635; x_wconf 87' lang='grc' dir='ltr'>εἶναι</span> 
     </span>
    </p>
   </div>
   <div class='ocr_carea' id='block_1_4' title="bbox 250 662 1914 741">
    <p class='ocr_par' dir='ltr' id='par_1_4' title="bbox 250 662 1914 741">
     <span class='ocr_line' id='line_1_4' title="bbox 250 662 1914 741; baseline 0.004 -27"><span class='ocrx_word' id='word_1_17' title='bbox 250 663 349 715; x_wconf 88' lang='grc' dir='ltr'>τοῦ</span> <span class='ocrx_word' id='word_1_18' title='bbox 406 662 626 734; x_wconf 84' lang='grc' dir='ltr'>Πατράς</span> <span class='ocrx_word' id='word_1_19' title='bbox 661 665 769 733; x_wconf 85' lang='grc' dir='ltr'>(τά</span> <span class='ocrx_word' id='word_1_20' title='bbox 796 664 905 736; x_wconf 74' lang='grc' dir='ltr'>γὰρ</span> <span class='ocrx_word' id='word_1_21' title='bbox 938 667 1065 737; x_wconf 83' lang='grc' dir='ltr'>ἐμά,</span> <span class='ocrx_word' id='word_1_22' title='bbox 1104 669 1268 721; x_wconf 84' lang='grc' dir='ltr'>αὐτοῦ</span> <span class='ocrx_word' id='word_1_23' title='bbox 1295 670 1411 722; x_wconf 90' lang='grc' dir='ltr'>ἐστι</span> <span class='ocrx_word' id='word_1_24' title='bbox 1432 670 1449 735; x_wconf 93' lang='grc'><strong>)</strong></span> <span class='ocrx_word' id='word_1_25' title='bbox 1470 687 1483 700; x_wconf 76' lang='grc'><strong><em>⁸</em></strong></span> <span class='ocrx_word' id='word_1_26' title='bbox 1518 671 1655 741; x_wconf 90' lang='grc' dir='ltr'>μήτε</span> <span class='ocrx_word' id='word_1_27' title='bbox 1680 668 1914 730; x_wconf 88' lang='grc' dir='ltr'>ἀκούων,</span> 
     </span>
    </p>
   </div>
   <div class='ocr_carea' id='block_1_5' title="bbox 249 747 1923 827">
    <p class='ocr_par' dir='ltr' id='par_1_5' title="bbox 249 747 1923 827">
     <span class='ocr_line' id='line_1_5' title="bbox 249 747 1923 827; baseline 0.002 -24"><span class='ocrx_word' id='word_1_28' title='bbox 249 752 335 803; x_wconf 78' lang='grc' dir='ltr'>ὅτι</span> <span class='ocrx_word' id='word_1_29' title='bbox 353 751 454 805; x_wconf 76' lang='grc' dir='ltr'>Σοὶ</span> <span class='ocrx_word' id='word_1_30' title='bbox 478 747 660 821; x_wconf 82' lang='grc' dir='ltr'>ἦσαν,</span> <span class='ocrx_word' id='word_1_31' title='bbox 684 753 912 823; x_wconf 81' lang='grc' dir='ltr'>νομίσῃς</span> <span class='ocrx_word' id='word_1_32' title='bbox 934 754 1248 825; x_wconf 82' lang='grc' dir='ltr'>ἀλλοτρίους</span> <span class='ocrx_word' id='word_1_33' title='bbox 1272 756 1471 820; x_wconf 83' lang='grc' dir='ltr'>αὐτοὺς</span> <span class='ocrx_word' id='word_1_34' title='bbox 1495 753 1633 811; x_wconf 86' lang='grc' dir='ltr'>εἶναι</span> <span class='ocrx_word' id='word_1_35' title='bbox 1658 756 1793 827; x_wconf 90' lang='grc' dir='ltr'>ἐμοῦ</span> <span class='ocrx_word' id='word_1_36' title='bbox 1814 773 1827 787; x_wconf 88' lang='grc'><strong>·</strong></span> <span class='ocrx_word' id='word_1_37' title='bbox 1852 756 1923 808; x_wconf 88' lang='grc' dir='ltr'>τά</span> 
     </span>
    </p>
   </div>
   <div class='ocr_carea' id='block_1_6' title="bbox 250 839 1925 912">
    <p class='ocr_par' dir='ltr' id='par_1_6' title="bbox 250 839 1925 912">
     <span class='ocr_line' id='line_1_6' title="bbox 250 839 1925 912; baseline 0.004 -19"><span class='ocrx_word' id='word_1_38' title='bbox 250 840 361 910; x_wconf 81' lang='grc' dir='ltr'>γὰρ</span> <span class='ocrx_word' id='word_1_39' title='bbox 398 839 714 909; x_wconf 85' lang='grc' dir='ltr'>αὐτοῦ,ἐμά</span> <span class='ocrx_word' id='word_1_40' title='bbox 741 842 908 894; x_wconf 89' lang='grc' dir='ltr'>ἐστιν.</span> <span class='ocrx_word' id='word_1_41' title='bbox 943 842 1105 895; x_wconf 82' lang='grc' dir='ltr'>Ὥστε</span> <span class='ocrx_word' id='word_1_42' title='bbox 1139 842 1221 907; x_wconf 84' lang='grc' dir='ltr'>τὸ,</span> <span class='ocrx_word' id='word_1_43' title='bbox 1266 844 1553 909; x_wconf 82' lang='grc' dir='ltr'>Ἕδωκας,</span> <span class='ocrx_word' id='word_1_44' title='bbox 1577 844 1925 912; x_wconf 83' lang='grc' dir='ltr'>συγκαταϐά-</span> 
     </span>
    </p>
   </div>
   <div class='ocr_carea' id='block_1_7' title="bbox 252 927 1919 1002">
    <p class='ocr_par' dir='ltr' id='par_1_7' title="bbox 252 927 1919 1002">
     <span class='ocr_line' id='line_1_7' title="bbox 252 927 1919 1002; baseline 0.003 -24"><span class='ocrx_word' id='word_1_45' title='bbox 252 942 394 989; x_wconf 81' lang='grc' dir='ltr'>σεως</span> <span class='ocrx_word' id='word_1_46' title='bbox 432 927 597 997; x_wconf 87' lang='grc' dir='ltr'>μόνης</span> <span class='ocrx_word' id='word_1_47' title='bbox 624 927 809 980; x_wconf 72' lang='grc' dir='ltr'>ἕνεκεν</span> <span class='ocrx_word' id='word_1_48' title='bbox 858 928 1095 999; x_wconf 73' lang='grc' dir='ltr'>εἴρηται.</span> <span class='ocrx_word' id='word_1_49' title='bbox 1130 931 1310 1001; x_wconf 87' lang='grc' dir='ltr'>’Ἀπερ</span> <span class='ocrx_word' id='word_1_50' title='bbox 1348 931 1457 1002; x_wconf 86' lang='grc' dir='ltr'>γὰρ</span> <span class='ocrx_word' id='word_1_51' title='bbox 1499 935 1531 985; x_wconf 86' lang='grc' dir='ltr'>ό</span> <span class='ocrx_word' id='word_1_52' title='bbox 1561 931 1751 1002; x_wconf 78' lang='grc' dir='ltr'>Πατήρ</span> <span class='ocrx_word' id='word_1_53' title='bbox 1786 931 1919 1001; x_wconf 75' lang='grc' dir='ltr'>ἔχει,</span> 
     </span>
    </p>
   </div>
   <div class='ocr_carea' id='block_1_8' title="bbox 252 1008 1922 1086">
    <p class='ocr_par' dir='ltr' id='par_1_8' title="bbox 252 1008 1922 1086">
     <span class='ocr_line' id='line_1_8' title="bbox 252 1008 1922 1086; baseline 0.004 -25"><span class='ocrx_word' id='word_1_54' title='bbox 252 1008 348 1062; x_wconf 81' lang='grc' dir='ltr'>τοῦ</span> <span class='ocrx_word' id='word_1_55' title='bbox 381 1008 510 1062; x_wconf 86' lang='grc' dir='ltr'>Υίοῦ</span> <span class='ocrx_word' id='word_1_56' title='bbox 536 1012 680 1062; x_wconf 87' lang='grc' dir='ltr'>ἐστι·</span> <span class='ocrx_word' id='word_1_57' title='bbox 707 1012 801 1063; x_wconf 74' lang='grc' dir='ltr'>καὶ</span> <span class='ocrx_word' id='word_1_58' title='bbox 826 1011 968 1083; x_wconf 77' lang='grc' dir='ltr'>ἅπερ</span> <span class='ocrx_word' id='word_1_59' title='bbox 996 1014 1024 1064; x_wconf 89' lang='grc' dir='ltr'>ό</span> <span class='ocrx_word' id='word_1_60' title='bbox 1056 1012 1183 1076; x_wconf 86' lang='grc' dir='ltr'>Υἱὸς</span> <span class='ocrx_word' id='word_1_61' title='bbox 1206 1013 1341 1084; x_wconf 74' lang='grc' dir='ltr'>ἔχει,</span> <span class='ocrx_word' id='word_1_62' title='bbox 1366 1014 1461 1067; x_wconf 88' lang='grc' dir='ltr'>τοῦ</span> <span class='ocrx_word' id='word_1_63' title='bbox 1493 1015 1724 1086; x_wconf 81' lang='grc' dir='ltr'>Πατρός.</span> <span class='ocrx_word' id='word_1_64' title='bbox 1753 1015 1922 1067; x_wconf 86' lang='grc' dir='ltr'>Τοῦτο</span> 
     </span>
    </p>
   </div>
   <div class='ocr_carea' id='block_1_9' title="bbox 248 1092 1921 1167">
    <p class='ocr_par' dir='ltr' id='par_1_9' title="bbox 248 1092 1921 1167">
     <span class='ocr_line' id='line_1_9' title="bbox 248 1092 1921 1167; baseline 0.004 -24"><span class='ocrx_word' id='word_1_65' title='bbox 248 1092 308 1144; x_wconf 84' lang='grc' dir='ltr'>δέ</span> <span class='ocrx_word' id='word_1_66' title='bbox 337 1092 457 1145; x_wconf 84' lang='grc' dir='ltr'>ούδέ</span> <span class='ocrx_word' id='word_1_67' title='bbox 484 1094 575 1145; x_wconf 77' lang='grc' dir='ltr'>ἐπὶ</span> <span class='ocrx_word' id='word_1_68' title='bbox 603 1094 734 1146; x_wconf 82' lang='grc' dir='ltr'>Υἰοῦ</span> <span class='ocrx_word' id='word_1_69' title='bbox 764 1096 905 1149; x_wconf 85' lang='grc' dir='ltr'>κατὰ</span> <span class='ocrx_word' id='word_1_70' title='bbox 927 1097 1214 1166; x_wconf 84' lang='grc' dir='ltr'>ἄνθρωπον</span> <span class='ocrx_word' id='word_1_71' title='bbox 1251 1098 1471 1150; x_wconf 86' lang='grc' dir='ltr'>δύναται</span> <span class='ocrx_word' id='word_1_72' title='bbox 1509 1098 1781 1167; x_wconf 88' lang='grc' dir='ltr'>λέγεσθαι,</span> <span class='ocrx_word' id='word_1_73' title='bbox 1805 1098 1921 1151; x_wconf 84' lang='grc' dir='ltr'>ἀλλ’</span> 
     </span>
    </p>
   </div>
   <div class='ocr_carea' id='block_1_10' title="bbox 249 1175 1921 1251">
    <p class='ocr_par' dir='ltr' id='par_1_10' title="bbox 249 1175 1921 1251">
     <span class='ocr_line' id='line_1_10' title="bbox 249 1175 1921 1251; baseline 0.004 -23"><span class='ocrx_word' id='word_1_74' title='bbox 249 1175 439 1245; x_wconf 84' lang='grc' dir='ltr'>ἐπειδὴ</span> <span class='ocrx_word' id='word_1_75' title='bbox 483 1175 725 1244; x_wconf 77' lang='grc' dir='ltr'>μείζονός</span> <span class='ocrx_word' id='word_1_76' title='bbox 754 1179 919 1233; x_wconf 88' lang='grc' dir='ltr'>ἐστιν.</span> <span class='ocrx_word' id='word_1_77' title='bbox 950 1179 1022 1231; x_wconf 81' lang='grc' dir='ltr'>Τὸ</span> <span class='ocrx_word' id='word_1_78' title='bbox 1050 1180 1147 1249; x_wconf 83' lang='grc' dir='ltr'>μὲν</span> <span class='ocrx_word' id='word_1_79' title='bbox 1179 1179 1288 1251; x_wconf 80' lang='grc' dir='ltr'>γὰρ</span> <span class='ocrx_word' id='word_1_80' title='bbox 1315 1193 1341 1221; x_wconf 75' lang='grc' dir='ltr'>ι</span> <span class='ocrx_word' id='word_1_81' title='bbox 1365 1181 1459 1234; x_wconf 89' lang='grc' dir='ltr'>τοῦ</span> <span class='ocrx_word' id='word_1_82' title='bbox 1494 1181 1774 1244; x_wconf 78' lang='grc' dir='ltr'>ἐλάττονος</span> <span class='ocrx_word' id='word_1_83' title='bbox 1793 1222 1809 1246; x_wconf 94' lang='grc'>,</span> <span class='ocrx_word' id='word_1_84' title='bbox 1838 1183 1921 1234; x_wconf 80' lang='grc' dir='ltr'>ὅτι</span> 
     </span>
    </p>
   </div>
   <div class='ocr_carea' id='block_1_11' title="bbox 248 1262 1918 1339">
    <p class='ocr_par' dir='ltr' id='par_1_11' title="bbox 248 1262 1918 1339">
     <span class='ocr_line' id='line_1_11' title="bbox 248 1262 1918 1339; baseline 0.006 -26"><span class='ocrx_word' id='word_1_85' title='bbox 248 1262 347 1315; x_wconf 84' lang='grc' dir='ltr'>τοῦ</span> <span class='ocrx_word' id='word_1_86' title='bbox 384 1262 631 1333; x_wconf 78' lang='grc' dir='ltr'>μείζονάς</span> <span class='ocrx_word' id='word_1_87' title='bbox 684 1266 822 1327; x_wconf 90' lang='grc' dir='ltr'>ἐστι,</span> <span class='ocrx_word' id='word_1_88' title='bbox 874 1267 1038 1319; x_wconf 87' lang='grc' dir='ltr'>παντί</span> <span class='ocrx_word' id='word_1_89' title='bbox 1083 1285 1185 1321; x_wconf 93' lang='grc' dir='ltr'>που</span> <span class='ocrx_word' id='word_1_90' title='bbox 1232 1267 1419 1339; x_wconf 74' lang='grc' dir='ltr'>δῆλονο</span> <span class='ocrx_word' id='word_1_91' title='bbox 1451 1268 1513 1321; x_wconf 83' lang='grc' dir='ltr'>τὸ</span> <span class='ocrx_word' id='word_1_92' title='bbox 1549 1268 1606 1322; x_wconf 85' lang='grc' dir='ltr'>δὲ</span> <span class='ocrx_word' id='word_1_93' title='bbox 1645 1268 1918 1339; x_wconf 76' lang='grc' dir='ltr'>ἔμπαλιν,</span> 
     </span>
    </p>
   </div>
   <div class='ocr_carea' id='block_1_12' title="bbox 248 1349 1922 1428">
    <p class='ocr_par' dir='ltr' id='par_1_12' title="bbox 248 1349 1922 1428">
     <span class='ocr_line' id='line_1_12' title="bbox 248 1349 1922 1428; baseline 0.006 -27"><span class='ocrx_word' id='word_1_94' title='bbox 248 1349 452 1402; x_wconf 84' lang='grc' dir='ltr'>οὐκέτι.</span> <span class='ocrx_word' id='word_1_95' title='bbox 491 1351 754 1405; x_wconf 81' lang='grc' dir='ltr'>Ἐνταῦθα</span> <span class='ocrx_word' id='word_1_96' title='bbox 788 1352 846 1406; x_wconf 79' lang='grc' dir='ltr'>δὲ</span> <span class='ocrx_word' id='word_1_97' title='bbox 871 1354 1242 1425; x_wconf 80' lang='grc' dir='ltr'>ἀντιστρέφει,</span> <span class='ocrx_word' id='word_1_98' title='bbox 1289 1357 1324 1427; x_wconf 84' lang='grc' dir='ltr'>ἡ</span> <span class='ocrx_word' id='word_1_99' title='bbox 1366 1356 1424 1409; x_wconf 89' lang='grc' dir='ltr'>δέ</span> <span class='ocrx_word' id='word_1_100' title='bbox 1462 1356 1795 1428; x_wconf 85' lang='grc' dir='ltr'>ἀντιστροφὴ</span> <span class='ocrx_word' id='word_1_101' title='bbox 1824 1357 1922 1428; x_wconf 86' lang='grc' dir='ltr'>τὴν</span> 
     </span>
    </p>
   </div>
   <div class='ocr_carea' id='block_1_13' title="bbox 254 1437 1924 1513">
    <p class='ocr_par' dir='ltr' id='par_1_13' title="bbox 254 1437 1924 1513">
     <span class='ocr_line' id='line_1_13' title="bbox 254 1437 1924 1513; baseline 0.005 -24"><span class='ocrx_word' id='word_1_102' title='bbox 254 1437 473 1506; x_wconf 88' lang='grc' dir='ltr'>ἰσότητα</span> <span class='ocrx_word' id='word_1_103' title='bbox 505 1437 672 1508; x_wconf 87' lang='grc' dir='ltr'>δηλοῖ.</span> <span class='ocrx_word' id='word_1_104' title='bbox 701 1438 872 1493; x_wconf 90' lang='grc' dir='ltr'>Τοῦτο</span> <span class='ocrx_word' id='word_1_105' title='bbox 903 1441 998 1494; x_wconf 78' lang='grc' dir='ltr'>καὶ</span> <span class='ocrx_word' id='word_1_106' title='bbox 1030 1441 1262 1513; x_wconf 83' lang='grc' dir='ltr'>ἀλλαχοῦ</span> <span class='ocrx_word' id='word_1_107' title='bbox 1290 1442 1465 1513; x_wconf 90' lang='grc' dir='ltr'>δηλῶν</span> <span class='ocrx_word' id='word_1_108' title='bbox 1512 1444 1693 1512; x_wconf 78' lang='grc' dir='ltr'>ἐλεγε’</span> <span class='ocrx_word' id='word_1_109' title='bbox 1719 1443 1924 1498; x_wconf 82' lang='grc' dir='ltr'>Πάντα</span> 
     </span>
    </p>
   </div>
   <div class='ocr_carea' id='block_1_14' title="bbox 251 1525 1923 1602">
    <p class='ocr_par' dir='ltr' id='par_1_14' title="bbox 251 1525 1923 1602">
     <span class='ocr_line' id='line_1_14' title="bbox 251 1525 1923 1602; baseline 0.004 -24"><span class='ocrx_word' id='word_1_110' title='bbox 251 1525 325 1579; x_wconf 79' lang='grc' dir='ltr'>τὰ</span> <span class='ocrx_word' id='word_1_111' title='bbox 350 1526 445 1578; x_wconf 90' lang='grc' dir='ltr'>τοῦ</span> <span class='ocrx_word' id='word_1_112' title='bbox 478 1527 691 1598; x_wconf 78' lang='grc' dir='ltr'>Πατρός</span> <span class='ocrx_word' id='word_1_113' title='bbox 719 1545 843 1598; x_wconf 90' lang='grc' dir='ltr'>μου,</span> <span class='ocrx_word' id='word_1_114' title='bbox 866 1528 979 1598; x_wconf 83' lang='grc' dir='ltr'>ἐμά</span> <span class='ocrx_word' id='word_1_115' title='bbox 1000 1529 1152 1595; x_wconf 83' lang='grc' dir='ltr'>ἐστι,</span> <span class='ocrx_word' id='word_1_116' title='bbox 1183 1531 1311 1602; x_wconf 74' lang='grc' dir='ltr'>περὶ</span> <span class='ocrx_word' id='word_1_117' title='bbox 1332 1530 1586 1599; x_wconf 89' lang='grc' dir='ltr'>γνώσεως</span> <span class='ocrx_word' id='word_1_118' title='bbox 1610 1529 1923 1601; x_wconf 84' lang='grc' dir='ltr'>διαλεγόμε-</span> 
     </span>
    </p>
   </div>
   <div class='ocr_carea' id='block_1_15' title="bbox 251 1612 1919 1690">
    <p class='ocr_par' dir='ltr' id='par_1_15' title="bbox 251 1612 1919 1690">
     <span class='ocr_line' id='line_1_15' title="bbox 251 1612 1919 1690; baseline 0.003 -25"><span class='ocrx_word' id='word_1_119' title='bbox 251 1628 342 1676; x_wconf 89' lang='grc' dir='ltr'>νος</span> <span class='ocrx_word' id='word_1_120' title='bbox 362 1627 376 1642; x_wconf 86' lang='grc'>⁶</span> <span class='ocrx_word' id='word_1_121' title='bbox 404 1612 466 1666; x_wconf 80' lang='grc' dir='ltr'>τὸ</span> <span class='ocrx_word' id='word_1_122' title='bbox 493 1612 570 1681; x_wconf 75' lang='grc' dir='ltr'>δὲ,</span> <span class='ocrx_word' id='word_1_123' title='bbox 604 1613 874 1682; x_wconf 85' lang='grc' dir='ltr'>Ἔδωκάς</span> <span class='ocrx_word' id='word_1_124' title='bbox 917 1633 1041 1685; x_wconf 88' lang='grc' dir='ltr'>μοι,</span> <span class='ocrx_word' id='word_1_125' title='bbox 1074 1616 1170 1670; x_wconf 63' lang='grc' dir='ltr'>καὶ⁵</span> <span class='ocrx_word' id='word_1_126' title='bbox 1195 1617 1295 1670; x_wconf 85' lang='grc' dir='ltr'>ὅσα</span> <span class='ocrx_word' id='word_1_127' title='bbox 1336 1617 1593 1683; x_wconf 90' lang='grc' dir='ltr'>τοιαῦτα,</span> <span class='ocrx_word' id='word_1_128' title='bbox 1634 1618 1723 1672; x_wconf 76' lang='grc' dir='ltr'>ἵνα</span> <span class='ocrx_word' id='word_1_129' title='bbox 1750 1617 1919 1690; x_wconf 81' lang='grc' dir='ltr'>δείξῃ,</span> 
     </span>
    </p>
   </div>
   <div class='ocr_carea' id='block_1_16' title="bbox 249 1700 1925 1774">
    <p class='ocr_par' dir='ltr' id='par_1_16' title="bbox 249 1700 1925 1774">
     <span class='ocr_line' id='line_1_16' title="bbox 249 1700 1925 1774; baseline 0.001 -19"><span class='ocrx_word' id='word_1_130' title='bbox 249 1700 336 1755; x_wconf 81' lang='grc' dir='ltr'>ὅτι</span> <span class='ocrx_word' id='word_1_131' title='bbox 366 1701 465 1773; x_wconf 84' lang='grc' dir='ltr'>οὐχ</span> <span class='ocrx_word' id='word_1_132' title='bbox 487 1701 564 1766; x_wconf 86' lang='grc' dir='ltr'>ὡς</span> <span class='ocrx_word' id='word_1_133' title='bbox 608 1702 885 1774; x_wconf 77' lang='grc' dir='ltr'>ἀλλότριος</span> <span class='ocrx_word' id='word_1_134' title='bbox 928 1702 1099 1758; x_wconf 88' lang='grc' dir='ltr'>ἐλθὼν</span> <span class='ocrx_word' id='word_1_135' title='bbox 1145 1704 1343 1768; x_wconf 81' lang='grc' dir='ltr'>αὐτοὺς</span> <span class='ocrx_word' id='word_1_136' title='bbox 1369 1705 1738 1770; x_wconf 84' lang='grc' dir='ltr'>ἐπεσπάσατο,</span> <span class='ocrx_word' id='word_1_137' title='bbox 1785 1704 1925 1758; x_wconf 90' lang='grc' dir='ltr'>ἀλλά</span> 
     </span>
    </p>
   </div>
   <div class='ocr_carea' id='block_1_17' title="bbox 249 1786 1921 1864">
    <p class='ocr_par' dir='ltr' id='par_1_17' title="bbox 249 1786 1921 1864">
     <span class='ocr_line' id='line_1_17' title="bbox 249 1786 1921 1864; baseline 0.002 -21"><span class='ocrx_word' id='word_1_138' title='bbox 249 1792 380 1853; x_wconf 79' lang='grc' dir='ltr'>τοὺς</span> <span class='ocrx_word' id='word_1_139' title='bbox 402 1790 565 1854; x_wconf 88' lang='grc' dir='ltr'>ἰδίους</span> <span class='ocrx_word' id='word_1_140' title='bbox 584 1790 794 1845; x_wconf 83' lang='grc' dir='ltr'>ἐλαϐεν.</span> <span class='ocrx_word' id='word_1_141' title='bbox 831 1786 965 1845; x_wconf 79' lang='grc' dir='ltr'>Εἶτα</span> <span class='ocrx_word' id='word_1_142' title='bbox 997 1792 1092 1845; x_wconf 81' lang='grc' dir='ltr'>καὶ</span> <span class='ocrx_word' id='word_1_143' title='bbox 1120 1792 1217 1864; x_wconf 83' lang='grc' dir='ltr'>τὴν</span> <span class='ocrx_word' id='word_1_144' title='bbox 1236 1791 1417 1847; x_wconf 77' lang='grc' dir='ltr'>αἰτίαν</span> <span class='ocrx_word' id='word_1_145' title='bbox 1444 1792 1627 1864; x_wconf 87' lang='grc' dir='ltr'>τίθησι</span> <span class='ocrx_word' id='word_1_146' title='bbox 1658 1793 1754 1846; x_wconf 81' lang='grc' dir='ltr'>καὶ</span> <span class='ocrx_word' id='word_1_147' title='bbox 1786 1792 1921 1846; x_wconf 63' lang='grc' dir='ltr'>ἀπό.</span> 
     </span>
    </p>
   </div>
   <div class='ocr_carea' id='block_1_18' title="bbox 250 1877 1919 1950">
    <p class='ocr_par' dir='ltr' id='par_1_18' title="bbox 250 1877 1919 1950">
     <span class='ocr_line' id='line_1_18' title="bbox 250 1877 1919 1950; baseline 0.002 -20"><span class='ocrx_word' id='word_1_148' title='bbox 250 1877 441 1942; x_wconf 82' lang='grc' dir='ltr'>δειξιν,</span> <span class='ocrx_word' id='word_1_149' title='bbox 474 1879 648 1947; x_wconf 83' lang='grc' dir='ltr'>λέγων</span> <span class='ocrx_word' id='word_1_150' title='bbox 670 1894 684 1907; x_wconf 93' lang='grc'><strong>·</strong></span> <span class='ocrx_word' id='word_1_151' title='bbox 723 1879 834 1934; x_wconf 78' lang='grc' dir='ltr'>Καὶ</span> <span class='ocrx_word' id='word_1_152' title='bbox 856 1878 1223 1950; x_wconf 78' lang='grc' dir='ltr'>δεδόξασμαι</span> <span class='ocrx_word' id='word_1_153' title='bbox 1250 1880 1321 1933; x_wconf 80' lang='grc' dir='ltr'>ἐν</span> <span class='ocrx_word' id='word_1_154' title='bbox 1350 1880 1585 1946; x_wconf 83' lang='grc' dir='ltr'>αὐτοῖς·</span> <span class='ocrx_word' id='word_1_155' title='bbox 1621 1882 1919 1942; x_wconf 90' lang='grc' dir='ltr'>τουτέστιν,</span> 
     </span>
    </p>
   </div>
   <div class='ocr_carea' id='block_1_19' title="bbox 257 1954 1923 2039">
    <p class='ocr_par' dir='ltr' id='par_1_19' title="bbox 257 1954 1923 2039">
     <span class='ocr_line' id='line_1_19' title="bbox 257 1954 1923 2039; baseline 0.001 -20"><span class='ocrx_word' id='word_1_156' title='bbox 257 1954 331 2018; x_wconf 75' lang='grc' dir='ltr'><strong>⁴Ἡ</strong></span> <span class='ocrx_word' id='word_1_157' title='bbox 367 1968 451 2020; x_wconf 80' lang='grc' dir='ltr'>ὅτι</span> <span class='ocrx_word' id='word_1_158' title='bbox 472 1965 721 2031; x_wconf 75' lang='grc' dir='ltr'>ἐξουσίαν</span> <span class='ocrx_word' id='word_1_159' title='bbox 749 1966 929 2021; x_wconf 80' lang='grc' dir='ltr'>αὐτῶν</span> <span class='ocrx_word' id='word_1_160' title='bbox 957 1967 1085 2037; x_wconf 84' lang='grc' dir='ltr'>ἐχω,</span> <span class='ocrx_word' id='word_1_161' title='bbox 1117 1967 1150 2039; x_wconf 83' lang='grc' dir='ltr'>ἢ</span> <span class='ocrx_word' id='word_1_162' title='bbox 1183 1967 1264 2021; x_wconf 82' lang='grc' dir='ltr'>ὅτι</span> <span class='ocrx_word' id='word_1_163' title='bbox 1292 1966 1605 2033; x_wconf 85' lang='grc' dir='ltr'>δοξάσουσιν</span> <span class='ocrx_word' id='word_1_164' title='bbox 1642 1968 1743 2039; x_wconf 84' lang='grc' dir='ltr'>ἐμὲ</span> <span class='ocrx_word' id='word_1_165' title='bbox 1764 2009 1780 2032; x_wconf 90' lang='grc'>,</span> <span class='ocrx_word' id='word_1_166' title='bbox 1838 1968 1923 2021; x_wconf 74' lang='grc' dir='ltr'>σοὶ</span> 
     </span>
    </p>
   </div>
   <div class='ocr_carea' id='block_1_20' title="bbox 253 2053 1925 2125">
    <p class='ocr_par' dir='ltr' id='par_1_20' title="bbox 253 2053 1925 2125">
     <span class='ocr_line' id='line_1_20' title="bbox 253 2053 1925 2125; baseline 0.001 -19"><span class='ocrx_word' id='word_1_167' title='bbox 253 2053 601 2117; x_wconf 83' lang='grc' dir='ltr'>πιστεύοντες</span> <span class='ocrx_word' id='word_1_168' title='bbox 631 2055 724 2107; x_wconf 82' lang='grc' dir='ltr'>καὶ</span> <span class='ocrx_word' id='word_1_169' title='bbox 741 2055 885 2125; x_wconf 77' lang='grc' dir='ltr'>ἐμοὶ,</span> <span class='ocrx_word' id='word_1_170' title='bbox 909 2055 1004 2108; x_wconf 76' lang='grc' dir='ltr'>καὶ</span> <span class='ocrx_word' id='word_1_171' title='bbox 1034 2055 1361 2121; x_wconf 59' lang='grc' dir='ltr'>δοξάσουσινν</span> <span class='ocrx_word' id='word_1_172' title='bbox 1383 2055 1602 2125; x_wconf 86' lang='grc' dir='ltr'>ὁμοίως.</span> <span class='ocrx_word' id='word_1_173' title='bbox 1634 2056 1696 2108; x_wconf 75' lang='lat' dir='ltr'>El</span> <span class='ocrx_word' id='word_1_174' title='bbox 1738 2055 1795 2108; x_wconf 84' lang='grc' dir='ltr'>δέ</span> <span class='ocrx_word' id='word_1_175' title='bbox 1825 2056 1925 2125; x_wconf 81' lang='grc' dir='ltr'>οὐχ</span> 
     </span>
    </p>
   </div>
   <div class='ocr_carea' id='block_1_21' title="bbox 253 2141 1925 2211">
    <p class='ocr_par' dir='ltr' id='par_1_21' title="bbox 253 2141 1925 2211">
     <span class='ocr_line' id='line_1_21' title="bbox 253 2141 1925 2211; baseline 0.002 -17"><span class='ocrx_word' id='word_1_176' title='bbox 253 2142 454 2211; x_wconf 85' lang='grc' dir='ltr'>ὁμοίως</span> <span class='ocrx_word' id='word_1_177' title='bbox 477 2141 786 2208; x_wconf 79' lang='grc' dir='ltr'>δεδόξασται</span> <span class='ocrx_word' id='word_1_178' title='bbox 812 2142 869 2194; x_wconf 93' lang='grc' dir='ltr'>ἐν</span> <span class='ocrx_word' id='word_1_179' title='bbox 902 2143 1106 2205; x_wconf 79' lang='grc' dir='ltr'>αὐτοῖς,</span> <span class='ocrx_word' id='word_1_180' title='bbox 1138 2142 1322 2194; x_wconf 80' lang='grc' dir='ltr'>οὐκέτι</span> <span class='ocrx_word' id='word_1_181' title='bbox 1352 2141 1516 2196; x_wconf 86' lang='grc' dir='ltr'>αὐτοῦ</span> <span class='ocrx_word' id='word_1_182' title='bbox 1543 2144 1659 2197; x_wconf 88' lang='grc' dir='ltr'>ἐστι</span> <span class='ocrx_word' id='word_1_183' title='bbox 1683 2142 1752 2196; x_wconf 82' lang='grc' dir='ltr'>τὰ</span> <span class='ocrx_word' id='word_1_184' title='bbox 1780 2142 1925 2197; x_wconf 87' lang='grc' dir='ltr'>ἐκεί-</span> 
     </span>
    </p>
   </div>
   <div class='ocr_carea' id='block_1_22' title="bbox 253 2225 1800 2300">
    <p class='ocr_par' dir='ltr' id='par_1_22' title="bbox 253 2225 1800 2300">
     <span class='ocr_line' id='line_1_22' title="bbox 253 2225 1800 2300; baseline 0.003 -19"><span class='ocrx_word' id='word_1_185' title='bbox 253 2246 367 2283; x_wconf 90' lang='grc' dir='ltr'>νου.</span> <span class='ocrx_word' id='word_1_186' title='bbox 387 2229 575 2289; x_wconf 75' lang='grc' dir='ltr'>Οὐδεὶς</span> <span class='ocrx_word' id='word_1_187' title='bbox 597 2229 706 2300; x_wconf 84' lang='grc' dir='ltr'>γὰρ</span> <span class='ocrx_word' id='word_1_188' title='bbox 736 2231 795 2283; x_wconf 92' lang='grc' dir='ltr'>ἐν</span> <span class='ocrx_word' id='word_1_189' title='bbox 820 2225 902 2292; x_wconf 73' lang='grc' dir='ltr'>οἷς</span> <span class='ocrx_word' id='word_1_190' title='bbox 937 2230 1038 2283; x_wconf 81' lang='grc' dir='ltr'>οὐκ</span> <span class='ocrx_word' id='word_1_191' title='bbox 1070 2229 1182 2300; x_wconf 81' lang='grc' dir='ltr'>ἔχει</span> <span class='ocrx_word' id='word_1_192' title='bbox 1216 2229 1465 2294; x_wconf 78' lang='grc' dir='ltr'>ἐξουσίαν</span> <span class='ocrx_word' id='word_1_193' title='bbox 1495 2230 1800 2297; x_wconf 79' lang='grc' dir='ltr'>δοξάζεται.</span> 
     </span>
    </p>
   </div>
   <div class='ocr_carea' id='block_1_23' title="bbox 327 2315 1928 2389">
    <p class='ocr_par' dir='ltr' id='par_1_23' title="bbox 327 2315 1928 2389">
     <span class='ocr_line' id='line_1_23' title="bbox 327 2315 1928 2389; baseline 0.001 -20"><span class='ocrx_word' id='word_1_194' title='bbox 327 2315 391 2387; x_wconf 86' lang='grc' dir='ltr'>β’.</span> <span class='ocrx_word' id='word_1_195' title='bbox 418 2316 541 2380; x_wconf 85' lang='grc' dir='ltr'>Πῶς</span> <span class='ocrx_word' id='word_1_196' title='bbox 566 2316 622 2369; x_wconf 80' lang='grc' dir='ltr'>δὲ</span> <span class='ocrx_word' id='word_1_197' title='bbox 648 2317 959 2383; x_wconf 81' lang='grc' dir='ltr'>δεδόξασται</span> <span class='ocrx_word' id='word_1_198' title='bbox 981 2318 1220 2387; x_wconf 83' lang='grc' dir='ltr'>ὀμοίως;</span> <span class='ocrx_word' id='word_1_199' title='bbox 1251 2319 1529 2381; x_wconf 75' lang='grc' dir='ltr'>’Ἅπαντες</span> <span class='ocrx_word' id='word_1_200' title='bbox 1556 2319 1757 2389; x_wconf 87' lang='grc' dir='ltr'>ὁμοίως</span> <span class='ocrx_word' id='word_1_201' title='bbox 1790 2320 1928 2372; x_wconf 87' lang='grc' dir='ltr'>ἀπο-</span> 
     </span>
    </p>
   </div>
   <div class='ocr_carea' id='block_1_24' title="bbox 255 2402 1928 2477">
    <p class='ocr_par' dir='ltr' id='par_1_24' title="bbox 255 2402 1928 2477">
     <span class='ocr_line' id='line_1_24' title="bbox 255 2402 1928 2477; baseline 0.002 -20"><span class='ocrx_word' id='word_1_202' title='bbox 255 2404 582 2474; x_wconf 82' lang='grc' dir='ltr'>θνήσκουσιν</span> <span class='ocrx_word' id='word_1_203' title='bbox 608 2406 746 2477; x_wconf 81' lang='grc' dir='ltr'>ὑπέρ</span> <span class='ocrx_word' id='word_1_204' title='bbox 774 2405 961 2469; x_wconf 83' lang='grc' dir='ltr'>αὐτοῦ,</span> <span class='ocrx_word' id='word_1_205' title='bbox 1009 2402 1085 2470; x_wconf 87' lang='grc' dir='ltr'>ῶς</span> <span class='ocrx_word' id='word_1_206' title='bbox 1132 2407 1226 2459; x_wconf 73' lang='grc' dir='ltr'>καὶ</span> <span class='ocrx_word' id='word_1_207' title='bbox 1250 2406 1391 2477; x_wconf 85' lang='grc' dir='ltr'>ὑπὲρ</span> <span class='ocrx_word' id='word_1_208' title='bbox 1420 2407 1514 2460; x_wconf 93' lang='grc' dir='ltr'>τοῦ</span> <span class='ocrx_word' id='word_1_209' title='bbox 1548 2408 1784 2477; x_wconf 87' lang='grc' dir='ltr'>Πατρδς,</span> <span class='ocrx_word' id='word_1_210' title='bbox 1833 2408 1928 2460; x_wconf 82' lang='grc' dir='ltr'>καὶ</span> 
     </span>
    </p>
   </div>
   <div class='ocr_carea' id='block_1_25' title="bbox 255 2495 1927 2571">
    <p class='ocr_par' dir='ltr' id='par_1_25' title="bbox 255 2495 1927 2571">
     <span class='ocr_line' id='line_1_25' title="bbox 255 2495 1927 2571; baseline 0.001 -21"><span class='ocrx_word' id='word_1_211' title='bbox 255 2496 643 2567; x_wconf 83' lang='grc' dir='ltr'>κηρύσσουσιν,</span> <span class='ocrx_word' id='word_1_212' title='bbox 675 2495 861 2569; x_wconf 83' lang='grc' dir='ltr'>ὥσπερ</span> <span class='ocrx_word' id='word_1_213' title='bbox 893 2499 986 2551; x_wconf 72' lang='grc' dir='ltr'>καὶ</span> <span class='ocrx_word' id='word_1_214' title='bbox 1018 2499 1109 2550; x_wconf 73' lang='grc' dir='ltr'>τὸν</span> <span class='ocrx_word' id='word_1_215' title='bbox 1134 2499 1354 2567; x_wconf 83' lang='grc' dir='ltr'>Πατέρα</span> <span class='ocrx_word' id='word_1_216' title='bbox 1375 2514 1386 2527; x_wconf 89' lang='grc'>·</span> <span class='ocrx_word' id='word_1_217' title='bbox 1420 2500 1515 2552; x_wconf 71' lang='grc' dir='ltr'>καὶ</span> <span class='ocrx_word' id='word_1_218' title='bbox 1546 2499 1733 2571; x_wconf 84' lang='grc' dir='ltr'>ὥσπερ</span> <span class='ocrx_word' id='word_1_219' title='bbox 1768 2501 1825 2553; x_wconf 91' lang='grc' dir='ltr'>ἐν</span> <span class='ocrx_word' id='word_1_220' title='bbox 1850 2500 1927 2571; x_wconf 84' lang='grc' dir='ltr'>τῷ</span> 
     </span>
    </p>
   </div>
   <div class='ocr_carea' id='block_1_26' title="bbox 254 2586 1927 2658">
    <p class='ocr_par' dir='ltr' id='par_1_26' title="bbox 254 2586 1927 2658">
     <span class='ocr_line' id='line_1_26' title="bbox 254 2586 1927 2658; baseline 0.002 -20"><span class='ocrx_word' id='word_1_221' title='bbox 254 2587 479 2653; x_wconf 88' lang='grc' dir='ltr'>ὀνόματι</span> <span class='ocrx_word' id='word_1_222' title='bbox 512 2586 678 2640; x_wconf 82' lang='grc' dir='ltr'>αὐτοῦ</span> <span class='ocrx_word' id='word_1_223' title='bbox 715 2587 932 2649; x_wconf 89' lang='grc' dir='ltr'>λέγουσι</span> <span class='ocrx_word' id='word_1_224' title='bbox 962 2588 1139 2641; x_wconf 85' lang='grc' dir='ltr'>πάντα</span> <span class='ocrx_word' id='word_1_225' title='bbox 1168 2586 1437 2655; x_wconf 89' lang='grc' dir='ltr'>γίνεσθαι,</span> <span class='ocrx_word' id='word_1_226' title='bbox 1461 2587 1604 2641; x_wconf 75' lang='grc' dir='ltr'>οὕτω</span> <span class='ocrx_word' id='word_1_227' title='bbox 1636 2589 1730 2641; x_wconf 72' lang='grc' dir='ltr'>καὶ</span> <span class='ocrx_word' id='word_1_228' title='bbox 1760 2591 1818 2642; x_wconf 88' lang='grc' dir='ltr'>ἐν</span> <span class='ocrx_word' id='word_1_229' title='bbox 1850 2589 1927 2658; x_wconf 86' lang='grc' dir='ltr'>τῷ</span> 
     </span>
    </p>
   </div>
   <div class='ocr_carea' id='block_1_27' title="bbox 254 2673 1927 2745">
    <p class='ocr_par' dir='ltr' id='par_1_27' title="bbox 254 2673 1927 2745">
     <span class='ocr_line' id='line_1_27' title="bbox 254 2673 1927 2745; baseline 0.002 -17"><span class='ocrx_word' id='word_1_230' title='bbox 254 2674 480 2745; x_wconf 81' lang='grc' dir='ltr'>ὀνόματι</span> <span class='ocrx_word' id='word_1_231' title='bbox 512 2675 607 2727; x_wconf 91' lang='grc' dir='ltr'>τοῦ</span> <span class='ocrx_word' id='word_1_232' title='bbox 639 2673 792 2729; x_wconf 87' lang='grc' dir='ltr'>Υἰοῦ.</span> <span class='ocrx_word' id='word_1_233' title='bbox 830 2675 939 2729; x_wconf 78' lang='grc' dir='ltr'>Καὶ</span> <span class='ocrx_word' id='word_1_234' title='bbox 973 2674 1171 2729; x_wconf 86' lang='grc' dir='ltr'>οὐκέτι</span> <span class='ocrx_word' id='word_1_235' title='bbox 1211 2677 1328 2744; x_wconf 81' lang='grc' dir='ltr'>εἰμὶ</span> <span class='ocrx_word' id='word_1_236' title='bbox 1354 2677 1424 2729; x_wconf 85' lang='grc' dir='ltr'>ἐν</span> <span class='ocrx_word' id='word_1_237' title='bbox 1451 2675 1532 2741; x_wconf 85' lang='grc' dir='ltr'>τῷ</span> <span class='ocrx_word' id='word_1_238' title='bbox 1556 2678 1780 2745; x_wconf 85' lang='grc' dir='ltr'>κόσμῳ,</span> <span class='ocrx_word' id='word_1_239' title='bbox 1828 2678 1927 2732; x_wconf 78' lang='grc' dir='ltr'>καὶ</span> 
     </span>
    </p>
   </div>
   <div class='ocr_carea' id='block_1_28' title="bbox 255 2760 1927 2835">
    <p class='ocr_par' dir='ltr' id='par_1_28' title="bbox 255 2760 1927 2835">
     <span class='ocr_line' id='line_1_28' title="bbox 255 2760 1927 2835; baseline 0.002 -19"><span class='ocrx_word' id='word_1_240' title='bbox 255 2760 427 2820; x_wconf 86' lang='grc' dir='ltr'>οὗτοι</span> <span class='ocrx_word' id='word_1_241' title='bbox 459 2764 528 2816; x_wconf 88' lang='grc' dir='ltr'>ὲν</span> <span class='ocrx_word' id='word_1_242' title='bbox 554 2764 636 2829; x_wconf 85' lang='grc' dir='ltr'>τῷ</span> <span class='ocrx_word' id='word_1_243' title='bbox 672 2764 878 2833; x_wconf 84' lang='grc' dir='ltr'>κόσμῳ</span> <span class='ocrx_word' id='word_1_244' title='bbox 910 2765 1051 2818; x_wconf 83' lang='grc' dir='ltr'>είσί.</span> <span class='ocrx_word' id='word_1_245' title='bbox 1088 2763 1367 2828; x_wconf 88' lang='grc' dir='ltr'>Τουτέστι,</span> <span class='ocrx_word' id='word_1_246' title='bbox 1392 2764 1513 2817; x_wconf 88' lang='grc' dir='ltr'>Κᾶν</span> <span class='ocrx_word' id='word_1_247' title='bbox 1539 2763 1612 2834; x_wconf 86' lang='grc' dir='ltr'>μὴ</span> <span class='ocrx_word' id='word_1_248' title='bbox 1650 2765 1927 2835; x_wconf 82' lang='grc' dir='ltr'>φαίνωμαι</span> 
     </span>
    </p>
   </div>
   <div class='ocr_carea' id='block_1_29' title="bbox 254 2850 1929 2925">
    <p class='ocr_par' dir='ltr' id='par_1_29' title="bbox 254 2850 1929 2925">
     <span class='ocr_line' id='line_1_29' title="bbox 254 2850 1929 2925; baseline -0.001 -19"><span class='ocrx_word' id='word_1_249' title='bbox 254 2852 401 2906; x_wconf 86' lang='grc' dir='ltr'>κατά</span> <span class='ocrx_word' id='word_1_250' title='bbox 434 2853 633 2925; x_wconf 84' lang='grc' dir='ltr'>σάρκα,</span> <span class='ocrx_word' id='word_1_251' title='bbox 664 2852 753 2905; x_wconf 83' lang='grc' dir='ltr'>διὰ</span> <span class='ocrx_word' id='word_1_252' title='bbox 781 2850 985 2905; x_wconf 90' lang='grc' dir='ltr'>τούτων</span> <span class='ocrx_word' id='word_1_253' title='bbox 1014 2851 1327 2917; x_wconf 79' lang='grc' dir='ltr'>δοξάζομαι.</span> <span class='ocrx_word' id='word_1_254' title='bbox 1362 2852 1427 2904; x_wconf 88' lang='grc' dir='ltr'>Τί</span> <span class='ocrx_word' id='word_1_255' title='bbox 1470 2851 1685 2919; x_wconf 73' lang='grc' dir='ltr'>δήποτει</span> <span class='ocrx_word' id='word_1_256' title='bbox 1713 2852 1769 2905; x_wconf 87' lang='grc' dir='ltr'>δὲ</span> <span class='ocrx_word' id='word_1_257' title='bbox 1804 2869 1929 2905; x_wconf 90' lang='grc' dir='ltr'>συν-</span> 
     </span>
    </p>
   </div>
   <div class='ocr_carea' id='block_1_30' title="bbox 255 2938 1970 3010">
    <p class='ocr_par' dir='ltr' id='par_1_30' title="bbox 255 2938 1970 3010">
     <span class='ocr_line' id='line_1_30' title="bbox 255 2938 1970 3010; baseline -0.002 -14"><span class='ocrx_word' id='word_1_258' title='bbox 255 2940 397 3009; x_wconf 82' lang='grc' dir='ltr'>εχῶς</span> <span class='ocrx_word' id='word_1_259' title='bbox 419 2940 588 3008; x_wconf 85' lang='grc' dir='ltr'>λέγει,</span> <span class='ocrx_word' id='word_1_260' title='bbox 612 2941 694 2993; x_wconf 84' lang='grc' dir='ltr'>ὅτι</span> <span class='ocrx_word' id='word_1_261' title='bbox 734 2941 822 2992; x_wconf 87' lang='grc' dir='ltr'>Ἐν</span> <span class='ocrx_word' id='word_1_262' title='bbox 839 2938 917 3010; x_wconf 78' lang='grc' dir='ltr'>τῷ</span> <span class='ocrx_word' id='word_1_263' title='bbox 946 2940 1138 3010; x_wconf 89' lang='grc' dir='ltr'>κόσμῳ</span> <span class='ocrx_word' id='word_1_264' title='bbox 1158 2940 1257 2992; x_wconf 83' lang='grc' dir='ltr'>οὐκ</span> <span class='ocrx_word' id='word_1_265' title='bbox 1280 2939 1395 3009; x_wconf 89' lang='grc' dir='ltr'>εἰμί</span> <span class='ocrx_word' id='word_1_266' title='bbox 1420 2955 1433 2968; x_wconf 78' lang='grc'><em>’</em></span> <span class='ocrx_word' id='word_1_267' title='bbox 1458 2939 1553 2991; x_wconf 74' lang='grc' dir='ltr'>καὶ</span> <span class='ocrx_word' id='word_1_268' title='bbox 1582 2940 1687 3002; x_wconf 82' lang='grc' dir='ltr'>ὅτι,</span> <span class='ocrx_word' id='word_1_269' title='bbox 1708 2939 1928 3010; x_wconf 82' lang='grc' dir='ltr'>Ἐπειδὴ</span> <span class='ocrx_word' id='word_1_270' title='bbox 1964 2986 1970 2993; x_wconf 93' lang='grc'>.</span> 
     </span>
    </p>
   </div>
   <div class='ocr_carea' id='block_1_31' title="bbox 254 3026 1930 3098">
    <p class='ocr_par' dir='ltr' id='par_1_31' title="bbox 254 3026 1930 3098">
     <span class='ocr_line' id='line_1_31' title="bbox 254 3026 1930 3098; baseline -0.001 -18"><span class='ocrx_word' id='word_1_271' title='bbox 254 3028 459 3098; x_wconf 81' lang='grc' dir='ltr'>ἀφίημι</span> <span class='ocrx_word' id='word_1_272' title='bbox 488 3028 707 3090; x_wconf 79' lang='grc' dir='ltr'>αὐτοὺς,</span> <span class='ocrx_word' id='word_1_273' title='bbox 739 3028 823 3080; x_wconf 79' lang='grc' dir='ltr'>σοὶ</span> <span class='ocrx_word' id='word_1_274' title='bbox 840 3027 1040 3088; x_wconf 86' lang='grc' dir='ltr'>αὐτοὺς</span> <span class='ocrx_word' id='word_1_275' title='bbox 1060 3026 1433 3097; x_wconf 88' lang='grc' dir='ltr'>παρατίθεμαι</span> <span class='ocrx_word' id='word_1_276' title='bbox 1451 3043 1463 3057; x_wconf 75' lang='grc'><strong><em>⁸</em></strong></span> <span class='ocrx_word' id='word_1_277' title='bbox 1492 3027 1608 3089; x_wconf 84' lang='grc' dir='ltr'>καὶ,</span> <span class='ocrx_word' id='word_1_278' title='bbox 1636 3027 1762 3079; x_wconf 84' lang='grc' dir='ltr'>Ὅτε</span> <span class='ocrx_word' id='word_1_279' title='bbox 1783 3027 1930 3098; x_wconf 83' lang='grc' dir='ltr'>ήμην</span> 
     </span>
    </p>
   </div>
   <div class='ocr_carea' id='block_1_32' title="bbox 254 3113 1930 3185">
    <p class='ocr_par' dir='ltr' id='par_1_32' title="bbox 254 3113 1930 3185">
     <span class='ocr_line' id='line_1_32' title="bbox 254 3113 1930 3185; baseline -0.001 -17"><span class='ocrx_word' id='word_1_280' title='bbox 254 3117 312 3168; x_wconf 92' lang='grc' dir='ltr'>ἐν</span> <span class='ocrx_word' id='word_1_281' title='bbox 359 3115 439 3185; x_wconf 88' lang='grc' dir='ltr'>τῷ</span> <span class='ocrx_word' id='word_1_282' title='bbox 493 3115 704 3185; x_wconf 84' lang='grc' dir='ltr'>κόσμῳ,</span> <span class='ocrx_word' id='word_1_283' title='bbox 762 3115 872 3182; x_wconf 88' lang='grc' dir='ltr'>ἐγὼ</span> <span class='ocrx_word' id='word_1_284' title='bbox 922 3114 1204 3185; x_wconf 83' lang='grc' dir='ltr'>τετήρηκα</span> <span class='ocrx_word' id='word_1_285' title='bbox 1234 3113 1465 3178; x_wconf 87' lang='grc' dir='ltr'>αὐτούς;</span> <span class='ocrx_word' id='word_1_286' title='bbox 1505 3114 1568 3167; x_wconf 73' lang='lat' dir='ltr'>Et</span> <span class='ocrx_word' id='word_1_287' title='bbox 1601 3114 1708 3185; x_wconf 86' lang='grc' dir='ltr'>γὰρ</span> <span class='ocrx_word' id='word_1_288' title='bbox 1758 3113 1930 3167; x_wconf 89' lang='grc' dir='ltr'>ταῦτα</span> 
     </span>
    </p>
   </div>
   <div class='ocr_carea' id='block_1_33' title="bbox 253 3200 1930 3272">
    <p class='ocr_par' dir='ltr' id='par_1_33' title="bbox 253 3200 1930 3272">
     <span class='ocr_line' id='line_1_33' title="bbox 253 3200 1930 3272; baseline 0 -17"><span class='ocrx_word' id='word_1_289' title='bbox 253 3203 442 3267; x_wconf 82' lang='grc' dir='ltr'>ἁπλῶς</span> <span class='ocrx_word' id='word_1_290' title='bbox 475 3202 697 3257; x_wconf 84' lang='grc' dir='ltr'>ἐκλάϐοι</span> <span class='ocrx_word' id='word_1_291' title='bbox 724 3219 829 3268; x_wconf 88' lang='grc' dir='ltr'>τις,</span> <span class='ocrx_word' id='word_1_292' title='bbox 857 3201 1027 3255; x_wconf 90' lang='grc' dir='ltr'>πολλά</span> <span class='ocrx_word' id='word_1_293' title='bbox 1054 3201 1244 3271; x_wconf 72' lang='grc' dir='ltr'>ἕψεται</span> <span class='ocrx_word' id='word_1_294' title='bbox 1266 3201 1333 3254; x_wconf 87' lang='grc' dir='ltr'>τὰ</span> <span class='ocrx_word' id='word_1_295' title='bbox 1358 3201 1553 3254; x_wconf 84' lang='grc' dir='ltr'>ἄτοπα.</span> <span class='ocrx_word' id='word_1_296' title='bbox 1580 3200 1703 3265; x_wconf 88' lang='grc' dir='ltr'>Πῶς</span> <span class='ocrx_word' id='word_1_297' title='bbox 1735 3201 1842 3272; x_wconf 88' lang='grc' dir='ltr'>γὰρ</span> <span class='ocrx_word' id='word_1_298' title='bbox 1863 3201 1930 3255; x_wconf 79' lang='grc' dir='ltr'>ἂν</span> 
     </span>
    </p>
   </div>
   <div class='ocr_carea' id='block_1_34' title="bbox 254 3286 1930 3362">
    <p class='ocr_par' dir='ltr' id='par_1_34' title="bbox 254 3286 1930 3362">
     <span class='ocr_line' id='line_1_34' title="bbox 254 3286 1930 3362; baseline -0.004 -13"><span class='ocrx_word' id='word_1_299' title='bbox 254 3291 369 3362; x_wconf 66' lang='grc' dir='ltr'>ἔχοι</span> <span class='ocrx_word' id='word_1_300' title='bbox 398 3292 577 3361; x_wconf 88' lang='grc' dir='ltr'>λόγον,</span> <span class='ocrx_word' id='word_1_301' title='bbox 611 3291 672 3345; x_wconf 79' lang='grc' dir='ltr'>τὸ</span> <span class='ocrx_word' id='word_1_302' title='bbox 722 3292 796 3362; x_wconf 86' lang='grc' dir='ltr'>μὴ</span> <span class='ocrx_word' id='word_1_303' title='bbox 851 3286 989 3344; x_wconf 79' lang='grc' dir='ltr'>εἶναι</span> <span class='ocrx_word' id='word_1_304' title='bbox 1036 3290 1196 3344; x_wconf 85' lang='grc' dir='ltr'>αὑτὸν</span> <span class='ocrx_word' id='word_1_305' title='bbox 1230 3291 1288 3343; x_wconf 91' lang='grc' dir='ltr'>ἐν</span> <span class='ocrx_word' id='word_1_306' title='bbox 1327 3288 1405 3360; x_wconf 84' lang='grc' dir='ltr'>τῷ</span> <span class='ocrx_word' id='word_1_307' title='bbox 1452 3289 1665 3360; x_wconf 87' lang='grc' dir='ltr'>κόσμῳ,</span> <span class='ocrx_word' id='word_1_308' title='bbox 1721 3291 1814 3343; x_wconf 74' lang='grc' dir='ltr'>καὶ</span> <span class='ocrx_word' id='word_1_309' title='bbox 1840 3290 1930 3342; x_wconf 77' lang='grc' dir='ltr'>ὅτε</span> 
     </span>
    </p>
   </div>
   <div class='ocr_carea' id='block_1_35' title="bbox 253 3377 1931 3453">
    <p class='ocr_par' dir='ltr' id='par_1_35' title="bbox 253 3377 1931 3453">
     <span class='ocr_line' id='line_1_35' title="bbox 253 3377 1931 3453; baseline -0.003 -18"><span class='ocrx_word' id='word_1_310' title='bbox 253 3382 496 3447; x_wconf 73' lang='grc' dir='ltr'>ἄπεισιν,</span> <span class='ocrx_word' id='word_1_311' title='bbox 530 3380 702 3453; x_wconf 84' lang='grc' dir='ltr'>ἐτέρῳ</span> <span class='ocrx_word' id='word_1_312' title='bbox 725 3379 923 3443; x_wconf 80' lang='grc' dir='ltr'>αὐτοὺς</span> <span class='ocrx_word' id='word_1_313' title='bbox 957 3378 1446 3449; x_wconf 82' lang='grc' dir='ltr'>παρακαταθέσθαι</span> <span class='ocrx_word' id='word_1_314' title='bbox 1468 3394 1483 3444; x_wconf 90' lang='lat'><strong>;</strong></span> <span class='ocrx_word' id='word_1_315' title='bbox 1507 3377 1696 3432; x_wconf 91' lang='grc' dir='ltr'>Ταῦτα</span> <span class='ocrx_word' id='word_1_316' title='bbox 1728 3378 1834 3449; x_wconf 84' lang='grc' dir='ltr'>γὰρ</span> <span class='ocrx_word' id='word_1_317' title='bbox 1854 3377 1931 3441; x_wconf 86' lang='grc' dir='ltr'>ὼς</span> 
     </span>
    </p>
   </div>
   <div class='ocr_carea' id='block_1_36' title="bbox 254 3460 1929 3539">
    <p class='ocr_par' dir='ltr' id='par_1_36' title="bbox 254 3460 1929 3539">
     <span class='ocr_line' id='line_1_36' title="bbox 254 3460 1929 3539; baseline -0.005 -17"><span class='ocrx_word' id='word_1_318' title='bbox 254 3467 547 3539; x_wconf 80' lang='grc' dir='ltr'>ἀνθρώπου</span> <span class='ocrx_word' id='word_1_319' title='bbox 589 3467 745 3537; x_wconf 75' lang='grc' dir='ltr'>ψιλοῦ</span> <span class='ocrx_word' id='word_1_320' title='bbox 776 3465 1143 3539; x_wconf 79' lang='grc' dir='ltr'>χωριζομένου</span> <span class='ocrx_word' id='word_1_321' title='bbox 1172 3465 1351 3519; x_wconf 82' lang='grc' dir='ltr'>αὐτῶν</span> <span class='ocrx_word' id='word_1_322' title='bbox 1389 3466 1418 3506; x_wconf 75' lang='lat' dir='ltr'><strong>b</strong></span> <span class='ocrx_word' id='word_1_323' title='bbox 1446 3465 1711 3536; x_wconf 79' lang='grc' dir='ltr'>διηνεκῶς</span> <span class='ocrx_word' id='word_1_324' title='bbox 1734 3460 1802 3536; x_wconf 76' lang='grc' dir='ltr'>ἦν</span> <span class='ocrx_word' id='word_1_325' title='bbox 1830 3466 1929 3535; x_wconf 81' lang='grc' dir='ltr'>ῥή-</span> 
     </span>
    </p>
   </div>
   <div class='ocr_carea' id='block_1_37' title="bbox 259 3552 1932 3627">
    <p class='ocr_par' dir='ltr' id='par_1_37' title="bbox 259 3552 1932 3627">
     <span class='ocr_line' id='line_1_37' title="bbox 259 3552 1932 3627; baseline -0.002 -20"><span class='ocrx_word' id='word_1_326' title='bbox 259 3572 426 3625; x_wconf 89' lang='grc' dir='ltr'>ματα.</span> <span class='ocrx_word' id='word_1_327' title='bbox 460 3552 613 3627; x_wconf 69' lang='grc'>[480]</span> <span class='ocrx_word' id='word_1_328' title='bbox 657 3554 821 3625; x_wconf 78' lang='grc' dir='ltr'>Ὁρᾷς</span> <span class='ocrx_word' id='word_1_329' title='bbox 850 3554 932 3608; x_wconf 86' lang='grc' dir='ltr'>ὃτι</span> <span class='ocrx_word' id='word_1_330' title='bbox 964 3553 1323 3624; x_wconf 78' lang='grc' dir='ltr'>ἀνθρωπίνως</span> <span class='ocrx_word' id='word_1_331' title='bbox 1341 3552 1410 3607; x_wconf 86' lang='grc' dir='ltr'>τά</span> <span class='ocrx_word' id='word_1_332' title='bbox 1437 3553 1665 3605; x_wconf 81' lang='grc' dir='ltr'>πλεῖστα</span> <span class='ocrx_word' id='word_1_333' title='bbox 1691 3552 1932 3620; x_wconf 88' lang='grc' dir='ltr'>διαλέγε-</span> 
     </span>
    </p>
   </div>
   <div class='ocr_carea' id='block_1_38' title="bbox 252 3638 1933 3714">
    <p class='ocr_par' dir='ltr' id='par_1_38' title="bbox 252 3638 1933 3714">
     <span class='ocr_line' id='line_1_38' title="bbox 252 3638 1933 3714; baseline -0.001 -19"><span class='ocrx_word' id='word_1_334' title='bbox 252 3659 371 3707; x_wconf 89' lang='grc' dir='ltr'>ται,</span> <span class='ocrx_word' id='word_1_335' title='bbox 391 3644 488 3697; x_wconf 70' lang='grc' dir='ltr'>καὶ</span> <span class='ocrx_word' id='word_1_336' title='bbox 507 3642 643 3714; x_wconf 83' lang='grc' dir='ltr'>πρὸς</span> <span class='ocrx_word' id='word_1_337' title='bbox 665 3643 761 3713; x_wconf 84' lang='grc' dir='ltr'>τὴν</span> <span class='ocrx_word' id='word_1_338' title='bbox 779 3642 958 3695; x_wconf 79' lang='grc' dir='ltr'>αὐτῶν</span> <span class='ocrx_word' id='word_1_339' title='bbox 978 3642 1239 3706; x_wconf 84' lang='grc' dir='ltr'>διάνοιαν,</span> <span class='ocrx_word' id='word_1_340' title='bbox 1261 3641 1587 3712; x_wconf 80' lang='grc' dir='ltr'>νομιζόντων</span> <span class='ocrx_word' id='word_1_341' title='bbox 1607 3640 1688 3693; x_wconf 85' lang='grc' dir='ltr'>ὅτι</span> <span class='ocrx_word' id='word_1_342' title='bbox 1709 3638 1807 3692; x_wconf 90' lang='grc' dir='ltr'>πλε</span> <span class='ocrx_word' id='word_1_343' title='bbox 1818 3638 1933 3693; x_wconf 85' lang='grc' dir='ltr'>ίονά</span> 
     </span>
    </p>
   </div>
   <div class='ocr_carea' id='block_1_39' title="bbox 254 3725 1933 3800">
    <p class='ocr_par' dir='ltr' id='par_1_39' title="bbox 254 3725 1933 3800">
     <span class='ocr_line' id='line_1_39' title="bbox 254 3725 1933 3800; baseline -0.003 -16"><span class='ocrx_word' id='word_1_344' title='bbox 254 3747 383 3784; x_wconf 75' lang='grc' dir='ltr'>τινα</span> <span class='ocrx_word' id='word_1_345' title='bbox 417 3725 561 3800; x_wconf 76' lang='grc' dir='ltr'>εἶχον</span> <span class='ocrx_word' id='word_1_346' title='bbox 617 3730 918 3799; x_wconf 86' lang='grc' dir='ltr'>ἀσφάλειαν</span> <span class='ocrx_word' id='word_1_347' title='bbox 955 3728 1064 3782; x_wconf 73' lang='grc' dir='ltr'>ἀπὸ</span> <span class='ocrx_word' id='word_1_348' title='bbox 1102 3728 1200 3799; x_wconf 84' lang='grc' dir='ltr'>τῆς</span> <span class='ocrx_word' id='word_1_349' title='bbox 1252 3727 1556 3798; x_wconf 90' lang='grc' dir='ltr'>παρουσίας</span> <span class='ocrx_word' id='word_1_350' title='bbox 1606 3726 1769 3781; x_wconf 80' lang='grc' dir='ltr'>αὐτοῦ</span> <span class='ocrx_word' id='word_1_351' title='bbox 1797 3743 1811 3791; x_wconf 92' lang='grc'>;</span> <span class='ocrx_word' id='word_1_352' title='bbox 1841 3727 1933 3779; x_wconf 91' lang='grc' dir='ltr'>Διό</span> 
     </span>
    </p>
   </div>
   <div class='ocr_carea' id='block_1_40' title="bbox 255 3815 1934 3891">
    <p class='ocr_par' dir='ltr' id='par_1_40' title="bbox 255 3815 1934 3891">
     <span class='ocr_line' id='line_1_40' title="bbox 255 3815 1934 3891; baseline -0.003 -18"><span class='ocrx_word' id='word_1_353' title='bbox 255 3836 446 3891; x_wconf 79' lang='grc' dir='ltr'>φησιν,</span> <span class='ocrx_word' id='word_1_354' title='bbox 480 3819 611 3873; x_wconf 87' lang='grc' dir='ltr'>Ὅτε</span> <span class='ocrx_word' id='word_1_355' title='bbox 632 3818 748 3889; x_wconf 73' lang='grc' dir='ltr'>ἐγὼ</span> <span class='ocrx_word' id='word_1_356' title='bbox 781 3816 966 3888; x_wconf 78' lang='grc' dir='ltr'>ἤμην,</span> <span class='ocrx_word' id='word_1_357' title='bbox 997 3817 1255 3886; x_wconf 81' lang='grc' dir='ltr'>ἐτήρουν</span> <span class='ocrx_word' id='word_1_358' title='bbox 1301 3817 1543 3882; x_wconf 86' lang='grc' dir='ltr'>αὐτούς.</span> <span class='ocrx_word' id='word_1_359' title='bbox 1586 3816 1696 3869; x_wconf 79' lang='grc' dir='ltr'>Καὶ</span> <span class='ocrx_word' id='word_1_360' title='bbox 1720 3816 1825 3886; x_wconf 81' lang='grc' dir='ltr'>μὴν</span> <span class='ocrx_word' id='word_1_361' title='bbox 1854 3815 1934 3869; x_wconf 90' lang='grc' dir='ltr'>λέ-</span> 
     </span>
    </p>
   </div>
   <div class='ocr_carea' id='block_1_41' title="bbox 256 3902 1933 3976">
    <p class='ocr_par' dir='ltr' id='par_1_41' title="bbox 256 3902 1933 3976">
     <span class='ocr_line' id='line_1_41' title="bbox 256 3902 1933 3976; baseline -0.002 -16"><span class='ocrx_word' id='word_1_362' title='bbox 256 3924 368 3976; x_wconf 85' lang='grc' dir='ltr'>γει,</span> <span class='ocrx_word' id='word_1_363' title='bbox 385 3907 466 3960; x_wconf 84' lang='grc' dir='ltr'>ὃτι</span> <span class='ocrx_word' id='word_1_364' title='bbox 494 3908 780 3976; x_wconf 81' lang='grc' dir='ltr'>Ἔρχομαι</span> <span class='ocrx_word' id='word_1_365' title='bbox 802 3905 950 3973; x_wconf 87' lang='grc' dir='ltr'>πρὸς</span> <span class='ocrx_word' id='word_1_366' title='bbox 969 3902 1146 3975; x_wconf 86' lang='grc' dir='ltr'>ὑμᾶς,</span> <span class='ocrx_word' id='word_1_367' title='bbox 1170 3904 1284 3971; x_wconf 81' lang='grc' dir='ltr'>καὶ,</span> <span class='ocrx_word' id='word_1_368' title='bbox 1307 3902 1446 3958; x_wconf 85' lang='grc' dir='ltr'>Μεθ’</span> <span class='ocrx_word' id='word_1_369' title='bbox 1475 3902 1643 3973; x_wconf 83' lang='grc' dir='ltr'>ὑμῶν</span> <span class='ocrx_word' id='word_1_370' title='bbox 1683 3907 1799 3972; x_wconf 80' lang='grc' dir='ltr'>ειμι</span> <span class='ocrx_word' id='word_1_371' title='bbox 1822 3902 1933 3970; x_wconf 81' lang='grc' dir='ltr'>ἕως</span> 
     </span>
    </p>
   </div>
   <div class='ocr_carea' id='block_1_42' title="bbox 257 3992 1931 4064">
    <p class='ocr_par' dir='ltr' id='par_1_42' title="bbox 257 3992 1931 4064">
     <span class='ocr_line' id='line_1_42' title="bbox 257 3992 1931 4064; baseline -0.005 -10"><span class='ocrx_word' id='word_1_372' title='bbox 257 3994 374 4063; x_wconf 79' lang='grc' dir='ltr'>τῆς</span> <span class='ocrx_word' id='word_1_373' title='bbox 428 3996 807 4061; x_wconf 77' lang='grc' dir='ltr'>συντελείας.</span> <span class='ocrx_word' id='word_1_374' title='bbox 861 3994 987 4058; x_wconf 88' lang='grc' dir='ltr'>Πῶς</span> <span class='ocrx_word' id='word_1_375' title='bbox 1043 3994 1157 4060; x_wconf 85' lang='grc' dir='ltr'>νῦν,</span> <span class='ocrx_word' id='word_1_376' title='bbox 1218 3994 1294 4057; x_wconf 85' lang='grc' dir='ltr'>ὡς</span> <span class='ocrx_word' id='word_1_377' title='bbox 1341 3992 1670 4064; x_wconf 77' lang='grc' dir='ltr'>χωρίζεσθαι</span> <span class='ocrx_word' id='word_1_378' title='bbox 1704 3993 1931 4064; x_wconf 81' lang='grc' dir='ltr'>μέλλων,</span> 
     </span>
    </p>
   </div>
   <div class='ocr_carea' id='block_1_43' title="bbox 255 4080 1933 4154">
    <p class='ocr_par' dir='ltr' id='par_1_43' title="bbox 255 4080 1933 4154">
     <span class='ocr_line' id='line_1_43' title="bbox 255 4080 1933 4154; baseline -0.001 -18"><span class='ocrx_word' id='word_1_379' title='bbox 255 4081 437 4136; x_wconf 84' lang='grc' dir='ltr'>ταῦτα</span> <span class='ocrx_word' id='word_1_380' title='bbox 466 4082 646 4151; x_wconf 87' lang='grc' dir='ltr'>λέγει;</span> <span class='ocrx_word' id='word_1_381' title='bbox 691 4082 829 4135; x_wconf 79' lang='grc' dir='ltr'>Ἀλλ’</span> <span class='ocrx_word' id='word_1_382' title='bbox 863 4082 1000 4154; x_wconf 84' lang='grc' dir='ltr'>ὅπερ</span> <span class='ocrx_word' id='word_1_383' title='bbox 1053 4080 1210 4152; x_wconf 74' lang='grc' dir='ltr'>ἔφην,</span> <span class='ocrx_word' id='word_1_384' title='bbox 1256 4082 1394 4153; x_wconf 76' lang='grc' dir='ltr'>πρὸς</span> <span class='ocrx_word' id='word_1_385' title='bbox 1420 4080 1516 4153; x_wconf 82' lang='grc' dir='ltr'>τὴν</span> <span class='ocrx_word' id='word_1_386' title='bbox 1549 4081 1773 4134; x_wconf 83' lang='grc' dir='ltr'>ἐκείνων</span> <span class='ocrx_word' id='word_1_387' title='bbox 1799 4082 1933 4135; x_wconf 82' lang='grc' dir='ltr'>ὑπό·</span> 
     </span>
    </p>
   </div>
   <div class='ocr_carea' id='block_1_44' title="bbox 257 4166 1935 4241">
    <p class='ocr_par' dir='ltr' id='par_1_44' title="bbox 257 4166 1935 4241">
     <span class='ocr_line' id='line_1_44' title="bbox 257 4166 1935 4241; baseline -0.001 -19"><span class='ocrx_word' id='word_1_388' title='bbox 257 4187 434 4234; x_wconf 86' lang='grc' dir='ltr'>νοιαν,</span> <span class='ocrx_word' id='word_1_389' title='bbox 457 4170 545 4223; x_wconf 85' lang='grc' dir='ltr'>ἴνα</span> <span class='ocrx_word' id='word_1_390' title='bbox 574 4172 768 4241; x_wconf 72' lang='grc' dir='ltr'>μικρὸν</span> <span class='ocrx_word' id='word_1_391' title='bbox 797 4169 1228 4232; x_wconf 85' lang='grc' dir='ltr'>ἀναπνεύσωσιν,</span> <span class='ocrx_word' id='word_1_392' title='bbox 1262 4168 1552 4231; x_wconf 85' lang='grc' dir='ltr'>ἀκούοντες</span> <span class='ocrx_word' id='word_1_393' title='bbox 1574 4166 1740 4221; x_wconf 76' lang='grc' dir='ltr'>αὑτοῦ</span> <span class='ocrx_word' id='word_1_394' title='bbox 1763 4167 1935 4221; x_wconf 88' lang='grc' dir='ltr'>ταῦτα</span> 
     </span>
    </p>
   </div>
   <div class='ocr_carea' id='block_1_45' title="bbox 259 4254 1936 4330">
    <p class='ocr_par' dir='ltr' id='par_1_45' title="bbox 259 4254 1936 4330">
     <span class='ocr_line' id='line_1_45' title="bbox 259 4254 1936 4330; baseline -0.002 -19"><span class='ocrx_word' id='word_1_395' title='bbox 259 4259 513 4326; x_wconf 85' lang='grc' dir='ltr'>λέγοντος</span> <span class='ocrx_word' id='word_1_396' title='bbox 535 4259 628 4311; x_wconf 72' lang='grc' dir='ltr'>καὶ</span> <span class='ocrx_word' id='word_1_397' title='bbox 657 4256 1233 4330; x_wconf 88' lang='grc' dir='ltr'>παρακατατιθεμένου</span> <span class='ocrx_word' id='word_1_398' title='bbox 1259 4255 1336 4327; x_wconf 82' lang='grc' dir='ltr'>τῷ</span> <span class='ocrx_word' id='word_1_399' title='bbox 1360 4256 1555 4326; x_wconf 87' lang='grc' dir='ltr'>Πατρί.</span> <span class='ocrx_word' id='word_1_400' title='bbox 1587 4254 1804 4326; x_wconf 81' lang='grc' dir='ltr'>Ἐπειδὴ</span> <span class='ocrx_word' id='word_1_401' title='bbox 1828 4256 1936 4326; x_wconf 86' lang='grc' dir='ltr'>γάρ</span> 
     </span>
    </p>
   </div>
   <div class='ocr_carea' id='block_1_46' title="bbox 260 4344 1939 4420">
    <p class='ocr_par' dir='ltr' id='par_1_46' title="bbox 260 4344 1939 4420">
     <span class='ocr_line' id='line_1_46' title="bbox 260 4344 1939 4420; baseline -0.001 -20"><span class='ocrx_word' id='word_1_402' title='bbox 260 4346 467 4409; x_wconf 84' lang='grc' dir='ltr'>πολλὰς</span> <span class='ocrx_word' id='word_1_403' title='bbox 493 4350 622 4416; x_wconf 80' lang='grc' dir='ltr'>παρ’</span> <span class='ocrx_word' id='word_1_404' title='bbox 643 4346 811 4401; x_wconf 85' lang='grc' dir='ltr'>αὐτοῦ</span> <span class='ocrx_word' id='word_1_405' title='bbox 839 4346 1214 4420; x_wconf 82' lang='grc' dir='ltr'>παρακλήσεις</span> <span class='ocrx_word' id='word_1_406' title='bbox 1237 4345 1525 4409; x_wconf 89' lang='grc' dir='ltr'>ἀκούοντες</span> <span class='ocrx_word' id='word_1_407' title='bbox 1549 4344 1649 4399; x_wconf 82' lang='grc' dir='ltr'>οὐκ</span> <span class='ocrx_word' id='word_1_408' title='bbox 1681 4344 1939 4416; x_wconf 88' lang='grc' dir='ltr'>ἐπείσθη-</span> 
     </span>
    </p>
   </div>
   <div class='ocr_carea' id='block_1_47' title="bbox 260 4433 1938 4507">
    <p class='ocr_par' dir='ltr' id='par_1_47' title="bbox 260 4433 1938 4507">
     <span class='ocr_line' id='line_1_47' title="bbox 260 4433 1938 4507; baseline -0.002 -18"><span class='ocrx_word' id='word_1_409' title='bbox 260 4453 385 4501; x_wconf 89' lang='grc' dir='ltr'>σαν,</span> <span class='ocrx_word' id='word_1_410' title='bbox 421 4434 605 4488; x_wconf 83' lang='grc' dir='ltr'>λοιπὺν</span> <span class='ocrx_word' id='word_1_411' title='bbox 632 4434 710 4506; x_wconf 78' lang='grc' dir='ltr'>τῷ</span> <span class='ocrx_word' id='word_1_412' title='bbox 745 4436 919 4507; x_wconf 77' lang='grc' dir='ltr'>Πατρὶ</span> <span class='ocrx_word' id='word_1_413' title='bbox 947 4435 1272 4502; x_wconf 84' lang='grc' dir='ltr'>διαλέγεται,</span> <span class='ocrx_word' id='word_1_414' title='bbox 1307 4433 1407 4506; x_wconf 83' lang='grc' dir='ltr'>τὴν</span> <span class='ocrx_word' id='word_1_415' title='bbox 1437 4436 1516 4497; x_wconf 83' lang='grc' dir='ltr'>εἰς</span> <span class='ocrx_word' id='word_1_416' title='bbox 1549 4434 1747 4497; x_wconf 78' lang='grc' dir='ltr'>αὐτοὺς</span> <span class='ocrx_word' id='word_1_417' title='bbox 1778 4451 1938 4505; x_wconf 90' lang='grc' dir='ltr'>στορ-</span> 
     </span>
    </p>
   </div>
   <div class='ocr_carea' id='block_1_48' title="bbox 260 4514 1939 4594">
    <p class='ocr_par' dir='ltr' id='par_1_48' title="bbox 260 4514 1939 4594">
     <span class='ocr_line' id='line_1_48' title="bbox 260 4514 1939 4594; baseline -0.001 -18"><span class='ocrx_word' id='word_1_418' title='bbox 260 4523 369 4593; x_wconf 80' lang='grc' dir='ltr'>γήν</span> <span class='ocrx_word' id='word_1_419' title='bbox 397 4522 865 4594; x_wconf 73' lang='grc' dir='ltr'>ἐπιδεικνύμενος·</span> <span class='ocrx_word' id='word_1_420' title='bbox 900 4522 1101 4576; x_wconf 75' lang='grc' dir='ltr'>ὡσανεὶ</span> <span class='ocrx_word' id='word_1_421' title='bbox 1132 4514 1317 4590; x_wconf 76' lang='grc' dir='ltr'>ἔλεγεν</span> <span class='ocrx_word' id='word_1_422' title='bbox 1337 4538 1350 4552; x_wconf 86' lang='grc'><strong>·</strong></span> <span class='ocrx_word' id='word_1_423' title='bbox 1393 4521 1610 4591; x_wconf 87' lang='grc' dir='ltr'>Ἐπειδὴ</span> <span class='ocrx_word' id='word_1_424' title='bbox 1652 4522 1787 4594; x_wconf 86' lang='grc' dir='ltr'>πρὸς</span> <span class='ocrx_word' id='word_1_425' title='bbox 1812 4524 1939 4577; x_wconf 87' lang='grc' dir='ltr'>ἐαυ-</span> 
     </span>
    </p>
   </div>
   <div class='ocr_carea' id='block_1_49' title="bbox 258 4609 1939 4682">
    <p class='ocr_par' dir='ltr' id='par_1_49' title="bbox 258 4609 1939 4682">
     <span class='ocr_line' id='line_1_49' title="bbox 258 4609 1939 4682; baseline -0.003 -14"><span class='ocrx_word' id='word_1_426' title='bbox 258 4611 358 4668; x_wconf 81' lang='grc' dir='ltr'>τόν</span> <span class='ocrx_word' id='word_1_427' title='bbox 387 4629 455 4682; x_wconf 91' lang='grc' dir='ltr'>με</span> <span class='ocrx_word' id='word_1_428' title='bbox 476 4611 790 4681; x_wconf 80' lang='grc' dir='ltr'>συγκαλεῖς,</span> <span class='ocrx_word' id='word_1_429' title='bbox 821 4610 1161 4681; x_wconf 85' lang='grc' dir='ltr'>κατάστησον</span> <span class='ocrx_word' id='word_1_430' title='bbox 1186 4610 1384 4671; x_wconf 85' lang='grc' dir='ltr'>αὐτοὺς</span> <span class='ocrx_word' id='word_1_431' title='bbox 1406 4611 1464 4663; x_wconf 93' lang='grc' dir='ltr'>ἐν</span> <span class='ocrx_word' id='word_1_432' title='bbox 1481 4610 1770 4681; x_wconf 83' lang='grc' dir='ltr'>ἀσφαλείᾳ.</span> <span class='ocrx_word' id='word_1_433' title='bbox 1794 4609 1939 4679; x_wconf 88' lang='grc' dir='ltr'>Ἐγὼ</span> 
     </span>
    </p>
   </div>
   <div class='ocr_carea' id='block_1_50' title="bbox 258 4698 1939 4769">
    <p class='ocr_par' dir='ltr' id='par_1_50' title="bbox 258 4698 1939 4769">
     <span class='ocr_line' id='line_1_50' title="bbox 258 4698 1939 4769; baseline 0 -18"><span class='ocrx_word' id='word_1_434' title='bbox 258 4699 375 4769; x_wconf 77' lang='grc' dir='ltr'>γὰρ</span> <span class='ocrx_word' id='word_1_435' title='bbox 400 4699 536 4769; x_wconf 74' lang='grc' dir='ltr'>πρὸς</span> <span class='ocrx_word' id='word_1_436' title='bbox 578 4698 638 4751; x_wconf 87' lang='grc' dir='ltr'>σέ</span> <span class='ocrx_word' id='word_1_437' title='bbox 662 4698 912 4769; x_wconf 78' lang='grc' dir='ltr'>ἔρχομαι.</span> <span class='ocrx_word' id='word_1_438' title='bbox 944 4699 1010 4751; x_wconf 90' lang='grc' dir='ltr'>Τί</span> <span class='ocrx_word' id='word_1_439' title='bbox 1045 4698 1225 4766; x_wconf 86' lang='grc' dir='ltr'>λέγεις</span> <span class='ocrx_word' id='word_1_440' title='bbox 1250 4714 1264 4762; x_wconf 92' lang='grc'><strong>;</strong></span> <span class='ocrx_word' id='word_1_441' title='bbox 1286 4698 1381 4751; x_wconf 76' lang='grc' dir='ltr'>καὶ</span> <span class='ocrx_word' id='word_1_442' title='bbox 1410 4698 1472 4750; x_wconf 86' lang='grc' dir='ltr'>ού</span> <span class='ocrx_word' id='word_1_443' title='bbox 1506 4698 1728 4751; x_wconf 88' lang='grc' dir='ltr'>δύνασαι</span> <span class='ocrx_word' id='word_1_444' title='bbox 1753 4700 1939 4769; x_wconf 83' lang='grc' dir='ltr'>τηρεῖν</span> 
     </span>
    </p>
   </div>
   <div class='ocr_carea' id='block_1_51' title="bbox 261 4782 1935 4858">
    <p class='ocr_par' dir='ltr' id='par_1_51' title="bbox 261 4782 1935 4858">
     <span class='ocr_line' id='line_1_51' title="bbox 261 4782 1935 4858; baseline 0 -19"><span class='ocrx_word' id='word_1_445' title='bbox 261 4787 464 4852; x_wconf 84' lang='grc' dir='ltr'>αύτούς</span> <span class='ocrx_word' id='word_1_446' title='bbox 492 4804 505 4851; x_wconf 88' lang='grc'>;</span> <span class='ocrx_word' id='word_1_447' title='bbox 547 4787 675 4852; x_wconf 73' lang='grc' dir='ltr'>Ναὶ,</span> <span class='ocrx_word' id='word_1_448' title='bbox 704 4786 957 4858; x_wconf 88' lang='grc' dir='ltr'>δύναμαι.</span> <span class='ocrx_word' id='word_1_449' title='bbox 990 4786 1147 4849; x_wconf 87' lang='grc' dir='ltr'>Τίνος</span> <span class='ocrx_word' id='word_1_450' title='bbox 1184 4782 1275 4839; x_wconf 76' lang='grc' dir='ltr'>οὖν</span> <span class='ocrx_word' id='word_1_451' title='bbox 1302 4787 1488 4839; x_wconf 75' lang='grc' dir='ltr'>ἕνεκεν</span> <span class='ocrx_word' id='word_1_452' title='bbox 1511 4785 1687 4840; x_wconf 89' lang='grc' dir='ltr'>ταῦτα</span> <span class='ocrx_word' id='word_1_453' title='bbox 1718 4785 1935 4854; x_wconf 84' lang='grc' dir='ltr'>λέγεις;</span> 
     </span>
    </p>
   </div>
   <div class='ocr_carea' id='block_1_52' title="bbox 264 4874 1935 4945">
    <p class='ocr_par' dir='ltr' id='par_1_52' title="bbox 264 4874 1935 4945">
     <span class='ocr_line' id='line_1_52' title="bbox 264 4874 1935 4945; baseline -0.002 -15"><span class='ocrx_word' id='word_1_454' title='bbox 264 4878 402 4930; x_wconf 89' lang='grc' dir='ltr'>Ἵνα</span> <span class='ocrx_word' id='word_1_455' title='bbox 449 4876 635 4945; x_wconf 75' lang='grc' dir='ltr'>ἔχωσι</span> <span class='ocrx_word' id='word_1_456' title='bbox 668 4876 785 4942; x_wconf 82' lang='grc' dir='ltr'>τὴν</span> <span class='ocrx_word' id='word_1_457' title='bbox 829 4877 1022 4944; x_wconf 81' lang='grc' dir='ltr'>χαρὰν</span> <span class='ocrx_word' id='word_1_458' title='bbox 1061 4875 1177 4943; x_wconf 80' lang='grc' dir='ltr'>τὴν</span> <span class='ocrx_word' id='word_1_459' title='bbox 1230 4874 1383 4944; x_wconf 84' lang='grc' dir='ltr'>ἐμὴν</span> <span class='ocrx_word' id='word_1_460' title='bbox 1421 4875 1899 4944; x_wconf 76' lang='grc' dir='ltr'>πεπληρωμένην</span> <span class='ocrx_word' id='word_1_461' title='bbox 1922 4892 1935 4906; x_wconf 87' lang='grc'>·</span> 
     </span>
    </p>
   </div>
   <div class='ocr_carea' id='block_1_53' title="bbox 260 4962 1940 5035">
    <p class='ocr_par' dir='ltr' id='par_1_53' title="bbox 260 4962 1940 5035">
     <span class='ocr_line' id='line_1_53' title="bbox 260 4962 1940 5035; baseline -0.001 -16"><span class='ocrx_word' id='word_1_462' title='bbox 260 4967 563 5030; x_wconf 80' lang='grc' dir='ltr'>τουτέστιν,</span> <span class='ocrx_word' id='word_1_463' title='bbox 587 4966 706 5017; x_wconf 86' lang='grc' dir='ltr'>Ἵνα</span> <span class='ocrx_word' id='word_1_464' title='bbox 733 4964 806 5033; x_wconf 85' lang='grc' dir='ltr'>μὴ</span> <span class='ocrx_word' id='word_1_465' title='bbox 830 4962 1162 5035; x_wconf 84' lang='grc' dir='ltr'>θορυϐῶνται</span> <span class='ocrx_word' id='word_1_466' title='bbox 1183 4962 1524 5034; x_wconf 88' lang='grc' dir='ltr'>ἀτελέστεροι</span> <span class='ocrx_word' id='word_1_467' title='bbox 1561 4962 1733 5027; x_wconf 77' lang='grc' dir='ltr'>ὄντες.</span> <span class='ocrx_word' id='word_1_468' title='bbox 1754 4963 1940 5018; x_wconf 87' lang='grc' dir='ltr'>Ταῦτα</span> 
     </span>
    </p>
   </div>
   <div class='ocr_carea' id='block_1_54' title="bbox 261 5050 1941 5123">
    <p class='ocr_par' dir='ltr' id='par_1_54' title="bbox 261 5050 1941 5123">
     <span class='ocr_line' id='line_1_54' title="bbox 261 5050 1941 5123; baseline -0.002 -16"><span class='ocrx_word' id='word_1_469' title='bbox 261 5054 326 5109; x_wconf 83' lang='grc' dir='ltr'>δὲ</span> <span class='ocrx_word' id='word_1_470' title='bbox 354 5053 544 5115; x_wconf 86' lang='grc' dir='ltr'>εἰπὼν,</span> <span class='ocrx_word' id='word_1_471' title='bbox 577 5052 845 5123; x_wconf 88' lang='grc' dir='ltr'>ἐδήλωσεν</span> <span class='ocrx_word' id='word_1_472' title='bbox 891 5052 973 5104; x_wconf 83' lang='grc' dir='ltr'>ὅτι</span> <span class='ocrx_word' id='word_1_473' title='bbox 1003 5050 1090 5104; x_wconf 79' lang='grc' dir='ltr'>διὰ</span> <span class='ocrx_word' id='word_1_474' title='bbox 1122 5050 1222 5120; x_wconf 83' lang='grc' dir='ltr'>τὴν</span> <span class='ocrx_word' id='word_1_475' title='bbox 1258 5051 1482 5103; x_wconf 87' lang='grc' dir='ltr'>ἐκείνων</span> <span class='ocrx_word' id='word_1_476' title='bbox 1510 5050 1816 5103; x_wconf 82' lang='grc' dir='ltr'>ἀνάπαυσιν</span> <span class='ocrx_word' id='word_1_477' title='bbox 1847 5052 1941 5104; x_wconf 77' lang='grc' dir='ltr'>καὶ</span> 
     </span>
    </p>
   </div>
   <div class='ocr_carea' id='block_1_55' title="bbox 266 5137 1935 5212">
    <p class='ocr_par' dir='ltr' id='par_1_55' title="bbox 266 5137 1935 5212">
     <span class='ocr_line' id='line_1_55' title="bbox 266 5137 1935 5212; baseline -0.002 -17"><span class='ocrx_word' id='word_1_478' title='bbox 266 5142 371 5211; x_wconf 80' lang='grc' dir='ltr'>τὴν</span> <span class='ocrx_word' id='word_1_479' title='bbox 428 5141 603 5212; x_wconf 75' lang='grc' dir='ltr'>χαρὰν</span> <span class='ocrx_word' id='word_1_480' title='bbox 634 5142 814 5194; x_wconf 83' lang='grc' dir='ltr'>πάντα</span> <span class='ocrx_word' id='word_1_481' title='bbox 858 5141 1031 5193; x_wconf 89' lang='grc' dir='ltr'>ταῦτα</span> <span class='ocrx_word' id='word_1_482' title='bbox 1064 5137 1239 5202; x_wconf 74' lang='grc' dir='ltr'>οὕτως</span> <span class='ocrx_word' id='word_1_483' title='bbox 1292 5138 1513 5205; x_wconf 74' lang='grc' dir='ltr'>ἐλεγενο</span> <span class='ocrx_word' id='word_1_484' title='bbox 1560 5137 1685 5192; x_wconf 81' lang='grc' dir='ltr'>ἐπεὶ</span> <span class='ocrx_word' id='word_1_485' title='bbox 1741 5138 1935 5191; x_wconf 77' lang='grc' dir='ltr'>δοκεῖε</span> 
     </span>
    </p>
   </div>
   <div class='ocr_carea' id='block_1_56' title="bbox 266 5224 1939 5296">
    <p class='ocr_par' dir='ltr' id='par_1_56' title="bbox 266 5224 1939 5296">
     <span class='ocr_line' id='line_1_56' title="bbox 266 5224 1939 5296; baseline -0.002 -13"><span class='ocrx_word' id='word_1_486' title='bbox 266 5230 508 5293; x_wconf 77' lang='grc' dir='ltr'>ἐναντίος</span> <span class='ocrx_word' id='word_1_487' title='bbox 535 5232 563 5283; x_wconf 87' lang='grc' dir='ltr'><strong>ὁ</strong></span> <span class='ocrx_word' id='word_1_488' title='bbox 591 5228 747 5296; x_wconf 81' lang='grc' dir='ltr'>λόγος</span> <span class='ocrx_word' id='word_1_489' title='bbox 770 5224 930 5282; x_wconf 81' lang='grc' dir='ltr'>εἶναι.</span> <span class='ocrx_word' id='word_1_490' title='bbox 966 5227 1095 5281; x_wconf 84' lang='grc' dir='ltr'>Νῦν</span> <span class='ocrx_word' id='word_1_491' title='bbox 1126 5225 1193 5277; x_wconf 74' lang='grc' dir='ltr'>δὲ</span> <span class='ocrx_word' id='word_1_492' title='bbox 1229 5227 1342 5279; x_wconf 83' lang='grc' dir='ltr'>οὐκ</span> <span class='ocrx_word' id='word_1_493' title='bbox 1371 5226 1487 5294; x_wconf 77' lang='grc' dir='ltr'>εἰμὶ</span> <span class='ocrx_word' id='word_1_494' title='bbox 1509 5225 1581 5277; x_wconf 86' lang='grc' dir='ltr'>ἐν</span> <span class='ocrx_word' id='word_1_495' title='bbox 1599 5224 1679 5290; x_wconf 85' lang='grc' dir='ltr'>τῷ</span> <span class='ocrx_word' id='word_1_496' title='bbox 1712 5226 1939 5294; x_wconf 83' lang='grc' dir='ltr'>κόσμῳ,</span> 
     </span>
    </p>
   </div>
   <div class='ocr_carea' id='block_1_57' title="bbox 268 5312 1942 5385">
    <p class='ocr_par' dir='ltr' id='par_1_57' title="bbox 268 5312 1942 5385">
     <span class='ocr_line' id='line_1_57' title="bbox 268 5312 1942 5385; baseline -0.004 -12"><span class='ocrx_word' id='word_1_497' title='bbox 268 5321 371 5373; x_wconf 81' lang='grc' dir='ltr'>καὶ</span> <span class='ocrx_word' id='word_1_498' title='bbox 398 5315 565 5374; x_wconf 85' lang='grc' dir='ltr'>οὗτοι</span> <span class='ocrx_word' id='word_1_499' title='bbox 611 5318 680 5370; x_wconf 81' lang='grc' dir='ltr'>ἐν</span> <span class='ocrx_word' id='word_1_500' title='bbox 713 5316 794 5380; x_wconf 86' lang='grc' dir='ltr'>τῷ</span> <span class='ocrx_word' id='word_1_501' title='bbox 828 5316 1035 5385; x_wconf 85' lang='grc' dir='ltr'>κόσμῳ</span> <span class='ocrx_word' id='word_1_502' title='bbox 1079 5315 1221 5368; x_wconf 86' lang='grc' dir='ltr'>εἰσί.</span> <span class='ocrx_word' id='word_1_503' title='bbox 1278 5314 1449 5366; x_wconf 89' lang='grc' dir='ltr'>Τοῦτο</span> <span class='ocrx_word' id='word_1_504' title='bbox 1481 5312 1589 5384; x_wconf 82' lang='grc' dir='ltr'>γὰρ</span> <span class='ocrx_word' id='word_1_505' title='bbox 1619 5313 1942 5368; x_wconf 84' lang='grc' dir='ltr'>ὑπώπτευον</span> 
     </span>
    </p>
   </div>
   <div class='ocr_carea' id='block_1_58' title="bbox 331 5479 1939 5551">
    <p class='ocr_par' dir='ltr' id='par_1_58' title="bbox 331 5479 1939 5551">
     <span class='ocr_line' id='line_1_58' title="bbox 331 5479 1939 5551; baseline -0.004 -16"><span class='ocrx_word' id='word_1_506' title='bbox 331 5487 472 5551; x_wconf 11' lang='grc' dir='ltr'>ξ¹ᾼ1ἰγί</span> <span class='ocrx_word' id='word_1_507' title='bbox 489 5483 682 5551; x_wconf 60' lang='lat' dir='ltr'><strong>habent</strong></span> <span class='ocrx_word' id='word_1_508' title='bbox 696 5485 799 5551; x_wconf 79' lang='grc' dir='ltr'>ἀλλ’</span> <span class='ocrx_word' id='word_1_509' title='bbox 824 5483 984 5551; x_wconf 78' lang='grc' dir='ltr'>ἐπειδὴ</span> <span class='ocrx_word' id='word_1_510' title='bbox 1010 5481 1217 5551; x_wconf 79' lang='grc' dir='ltr'>μείζονός</span> <span class='ocrx_word' id='word_1_511' title='bbox 1240 5479 1814 5551; x_wconf 41' lang='grc' dir='ltr'>ἐστινλέσοτξμίοίθἹξρ</span> <span class='ocrx_word' id='word_1_512' title='bbox 1834 5482 1939 5551; x_wconf 55' lang='grc' dir='ltr'>γάρΓ</span> 
     </span>
    </p>
   </div>
   <div class='ocr_carea' id='block_1_59' title="bbox 220 5541 1941 5607">
    <p class='ocr_par' dir='ltr' id='par_1_59' title="bbox 220 5541 1941 5607">
     <span class='ocr_line' id='line_1_59' title="bbox 220 5541 1941 5607; baseline -0.001 -14"><span class='ocrx_word' id='word_1_513' title='bbox 220 5564 229 5572; x_wconf 60' lang='grc' dir='ltr'>ι</span> <span class='ocrx_word' id='word_1_514' title='bbox 265 5547 367 5599; x_wconf 74' lang='lat' dir='ltr'>Alii</span> <span class='ocrx_word' id='word_1_515' title='bbox 387 5550 474 5596; x_wconf 89' lang='grc' dir='ltr'>ἀλλ</span> <span class='ocrx_word' id='word_1_516' title='bbox 489 5548 670 5602; x_wconf 81' lang='grc' dir='ltr'>’ἐπειδὴ</span> <span class='ocrx_word' id='word_1_517' title='bbox 686 5545 892 5607; x_wconf 83' lang='grc' dir='ltr'>μείζονὸς</span> <span class='ocrx_word' id='word_1_518' title='bbox 917 5541 1043 5607; x_wconf 74' lang='grc' dir='ltr'>ἐστιν</span> <span class='ocrx_word' id='word_1_519' title='bbox 1054 5545 1192 5591; x_wconf 86' lang='grc' dir='ltr'>παντί</span> <span class='ocrx_word' id='word_1_520' title='bbox 1213 5559 1305 5607; x_wconf 78' lang='grc' dir='ltr'>που</span> <span class='ocrx_word' id='word_1_521' title='bbox 1324 5545 1479 5607; x_wconf 82' lang='grc' dir='ltr'>δῆλον.</span> <span class='ocrx_word' id='word_1_522' title='bbox 1496 5541 1645 5607; x_wconf 65' lang='lat' dir='ltr'>Sayjl.</span> <span class='ocrx_word' id='word_1_523' title='bbox 1760 5541 1941 5607; x_wconf 74' lang='grc' dir='ltr'>’ἐπειδή</span> 
     </span>
    </p>
   </div>
   <div class='ocr_carea' id='block_1_60' title="bbox 267 5603 1947 5671">
    <p class='ocr_par' dir='ltr' id='par_1_60' title="bbox 267 5603 1947 5671">
     <span class='ocr_line' id='line_1_60' title="bbox 267 5603 1947 5671; baseline -0.002 -16"><span class='ocrx_word' id='word_1_524' title='bbox 267 5610 426 5671; x_wconf 80' lang='grc' dir='ltr'>μεῖζόν</span> <span class='ocrx_word' id='word_1_525' title='bbox 450 5610 567 5657; x_wconf 80' lang='grc' dir='ltr'>εἰσιν</span> <span class='ocrx_word' id='word_1_526' title='bbox 583 5603 706 5655; x_wconf 73' lang='grc' dir='ltr'>ἰσοτ.</span> <span class='ocrx_word' id='word_1_527' title='bbox 736 5604 1033 5671; x_wconf 72' lang='grc' dir='ltr'>Μρτει.ᾀ&gt;.λ’</span> <span class='ocrx_word' id='word_1_528' title='bbox 1048 5607 1207 5671; x_wconf 78' lang='grc' dir='ltr'>ἐπειδὴ</span> <span class='ocrx_word' id='word_1_529' title='bbox 1229 5605 1382 5671; x_wconf 78' lang='grc' dir='ltr'>μεῖζόν</span> <span class='ocrx_word' id='word_1_530' title='bbox 1406 5605 1550 5653; x_wconf 84' lang='grc' dir='ltr'>ἐστιν.</span> <span class='ocrx_word' id='word_1_531' title='bbox 1564 5603 1670 5653; x_wconf 76' lang='lat' dir='ltr'>Vox</span> <span class='ocrx_word' id='word_1_532' title='bbox 1691 5605 1947 5671; x_wconf 70' lang='lat' dir='ltr'>i_||a_lcon—</span> 
     </span>
    </p>
   </div>
   <div class='ocr_carea' id='block_1_61' title="bbox 307 5666 1944 5726">
    <p class='ocr_par' dir='ltr' id='par_1_61' title="bbox 307 5666 1944 5726">
     <span class='ocr_line' id='line_1_61' title="bbox 307 5666 1944 5726; baseline -0.003 -8"><span class='ocrx_word' id='word_1_533' title='bbox 307 5672 378 5725; x_wconf 84' lang='grc' dir='ltr'>ίας</span> <span class='ocrx_word' id='word_1_534' title='bbox 419 5672 494 5718; x_wconf 88' lang='lat' dir='ltr'>hic</span> <span class='ocrx_word' id='word_1_535' title='bbox 516 5671 676 5718; x_wconf 84' lang='lat' dir='ltr'><strong>omnia</strong></span> <span class='ocrx_word' id='word_1_536' title='bbox 699 5668 877 5717; x_wconf 69' lang='lat' dir='ltr'><strong>turbat.</strong></span> <span class='ocrx_word' id='word_1_537' title='bbox 907 5669 1025 5726; x_wconf 68' lang='lat' dir='ltr'>Qum</span> <span class='ocrx_word' id='word_1_538' title='bbox 1064 5681 1174 5716; x_wconf 88' lang='lat' dir='ltr'>cum</span> <span class='ocrx_word' id='word_1_539' title='bbox 1200 5670 1249 5715; x_wconf 87' lang='lat' dir='ltr'><strong>in</strong></span> <span class='ocrx_word' id='word_1_540' title='bbox 1292 5666 1449 5716; x_wconf 72' lang='lat' dir='ltr'>tribus</span> <span class='ocrx_word' id='word_1_541' title='bbox 1472 5667 1821 5725; x_wconf 75' lang='lat' dir='ltr'>manuscriptis</span> <span class='ocrx_word' id='word_1_542' title='bbox 1848 5680 1944 5714; x_wconf 88' lang='lat' dir='ltr'>non</span> 
     </span>
    </p>
   </div>
   <div class='ocr_carea' id='block_1_62' title="bbox 268 5689 1946 5788">
    <p class='ocr_par' dir='ltr' id='par_1_62' title="bbox 268 5689 1946 5788">
     <span class='ocr_line' id='line_1_62' title="bbox 307 5689 1944 5726; baseline -0.003 -8"><span class='ocrx_word' id='word_1_543' title='bbox 307 5689 378 5725; x_wconf 81' lang='grc' dir='ltr'>ιας</span> <span class='ocrx_word' id='word_1_544' title='bbox 419 5689 494 5718; x_wconf 72' lang='lat' dir='ltr'>&quot;Ic</span> <span class='ocrx_word' id='word_1_545' title='bbox 516 5689 676 5718; x_wconf 67' lang='grc' dir='ltr'>ΟΠΙιΙιδ</span> <span class='ocrx_word' id='word_1_546' title='bbox 700 5689 877 5717; x_wconf 67' lang='grc' dir='ltr'>ιυιύιιι.</span> <span class='ocrx_word' id='word_1_547' title='bbox 907 5689 1025 5726; x_wconf 56' lang='lat' dir='ltr'>Ulli”</span> <span class='ocrx_word' id='word_1_548' title='bbox 1064 5689 1174 5716; x_wconf 72' lang='grc' dir='ltr'>υυιυ</span> <span class='ocrx_word' id='word_1_549' title='bbox 1200 5689 1249 5715; x_wconf 80' lang='lat' dir='ltr'>Ill</span> <span class='ocrx_word' id='word_1_550' title='bbox 1293 5689 1449 5716; x_wconf 70' lang='grc' dir='ltr'>ιιΊυυδ</span> <span class='ocrx_word' id='word_1_551' title='bbox 1472 5689 1821 5725; x_wconf 69' lang='grc' dir='ltr'>ιιιδιιυδυῑινιιδ</span> <span class='ocrx_word' id='word_1_552' title='bbox 1848 5689 1944 5714; x_wconf 83' lang='grc' dir='ltr'>ιιυιι</span> 
     </span>
     <span class='ocr_line' id='line_1_63' title="bbox 268 5689 1946 5788; baseline -0.003 -8"><span class='ocrx_word' id='word_1_553' title='bbox 268 5689 531 5788; x_wconf 41' lang='lat' dir='ltr'>iubeatur,</span> <span class='ocrx_word' id='word_1_554' title='bbox 554 5731 633 5779; x_wconf 88' lang='lat' dir='ltr'>hic</span> <span class='ocrx_word' id='word_1_555' title='bbox 654 5733 833 5779; x_wconf 80' lang='lat' dir='ltr'>omissa</span> <span class='ocrx_word' id='word_1_556' title='bbox 858 5729 962 5777; x_wconf 68' lang='lat' dir='ltr'>fuit.</span> <span class='ocrx_word' id='word_1_557' title='bbox 992 5728 1137 5778; x_wconf 84' lang='lat' dir='ltr'>Hunc</span> <span class='ocrx_word' id='word_1_558' title='bbox 1180 5730 1340 5777; x_wconf 89' lang='lat' dir='ltr'><strong>locum</strong></span> <span class='ocrx_word' id='word_1_559' title='bbox 1364 5729 1435 5776; x_wconf 88' lang='lat' dir='ltr'>sic</span> <span class='ocrx_word' id='word_1_560' title='bbox 1469 5732 1748 5776; x_wconf 79' lang='lat' dir='ltr'>restaurare</span> <span class='ocrx_word' id='word_1_561' title='bbox 1772 5726 1946 5788; x_wconf 61' lang='lat' dir='ltr'>nititur</span> 
     </span>
    </p>
   </div>
   <div class='ocr_carea' id='block_1_63' title="bbox 275 5787 1945 5841">
    <p class='ocr_par' dir='ltr' id='par_1_63' title="bbox 275 5787 1945 5841">
     <span class='ocr_line' id='line_1_64' title="bbox 275 5787 1945 5841; baseline -0.002 0"><span class='ocrx_word' id='word_1_562' title='bbox 275 5795 464 5841; x_wconf 76' lang='lat' dir='ltr'>Roisius</span> <span class='ocrx_word' id='word_1_563' title='bbox 487 5795 536 5840; x_wconf 89' lang='lat' dir='ltr'>in</span> <span class='ocrx_word' id='word_1_564' title='bbox 572 5793 793 5840; x_wconf 75' lang='lat' dir='ltr'>editione</span> <span class='ocrx_word' id='word_1_565' title='bbox 817 5791 966 5839; x_wconf 80' lang='lat' dir='ltr'><strong>Savil.</strong></span> <span class='ocrx_word' id='word_1_566' title='bbox 992 5789 1134 5839; x_wconf 86' lang='grc' dir='ltr'>τοῦτο</span> <span class='ocrx_word' id='word_1_567' title='bbox 1157 5792 1208 5839; x_wconf 81' lang='grc' dir='ltr'>δὲ</span> <span class='ocrx_word' id='word_1_568' title='bbox 1227 5790 1336 5838; x_wconf 86' lang='grc' dir='ltr'>οὐδέ</span> <span class='ocrx_word' id='word_1_569' title='bbox 1371 5790 1446 5837; x_wconf 80' lang='grc' dir='ltr'>ἐπὶ</span> <span class='ocrx_word' id='word_1_570' title='bbox 1480 5788 1567 5838; x_wconf 81' lang='grc' dir='ltr'>τοῦ</span> <span class='ocrx_word' id='word_1_571' title='bbox 1601 5787 1712 5837; x_wconf 85' lang='grc' dir='ltr'>Υἰοῦ</span> <span class='ocrx_word' id='word_1_572' title='bbox 1729 5787 1845 5835; x_wconf 88' lang='grc' dir='ltr'>κατ’</span> <span class='ocrx_word' id='word_1_573' title='bbox 1864 5794 1945 5837; x_wconf 86' lang='grc' dir='ltr'>ἀν-</span> 
     </span>
    </p>
   </div>
   <div class='ocr_carea' id='block_1_64' title="bbox 266 5851 1947 5917">
    <p class='ocr_par' dir='ltr' id='par_1_64' title="bbox 266 5851 1947 5917">
     <span class='ocr_line' id='line_1_65' title="bbox 266 5851 1947 5917; baseline -0.004 -15"><span class='ocrx_word' id='word_1_574' title='bbox 266 5855 566 5917; x_wconf 53' lang='grc' dir='ltr'>θρώποις-ητα</span> <span class='ocrx_word' id='word_1_575' title='bbox 586 5854 779 5917; x_wconf 82' lang='grc' dir='ltr'>δύναται</span> <span class='ocrx_word' id='word_1_576' title='bbox 812 5854 1043 5917; x_wconf 86' lang='grc' dir='ltr'>λέγεσθαι·</span> <span class='ocrx_word' id='word_1_577' title='bbox 1069 5854 1154 5900; x_wconf 85' lang='grc' dir='ltr'>ἀλλ</span> <span class='ocrx_word' id='word_1_578' title='bbox 1170 5853 1184 5872; x_wconf 82' lang='lat'><strong><em>’</em></strong></span> <span class='ocrx_word' id='word_1_579' title='bbox 1218 5853 1377 5917; x_wconf 74' lang='grc' dir='ltr'>ἐπειδή</span> <span class='ocrx_word' id='word_1_580' title='bbox 1406 5853 1530 5900; x_wconf 85' lang='grc' dir='ltr'>κατὰ</span> <span class='ocrx_word' id='word_1_581' title='bbox 1562 5851 1759 5917; x_wconf 76' lang='grc' dir='ltr'>θεότητα</span> <span class='ocrx_word' id='word_1_582' title='bbox 1782 5851 1947 5917; x_wconf 78' lang='grc' dir='ltr'>ἔλαχεν</span> 
     </span>
    </p>
   </div>
   <div class='ocr_carea' id='block_1_65' title="bbox 268 5911 1946 5975">
    <p class='ocr_par' dir='ltr' id='par_1_65' title="bbox 268 5911 1946 5975">
     <span class='ocr_line' id='line_1_66' title="bbox 268 5911 1946 5975; baseline 0.001 -15"><span class='ocrx_word' id='word_1_583' title='bbox 268 5911 713 5975; x_wconf 69' lang='grc' dir='ltr'>ἰσοτιμίαςΝειύπι</span> <span class='ocrx_word' id='word_1_584' title='bbox 736 5916 856 5964; x_wconf 86' lang='lat' dir='ltr'><strong>illud</strong></span> <span class='ocrx_word' id='word_1_585' title='bbox 877 5911 972 5963; x_wconf 78' lang='lat' dir='ltr'>hon</span> <span class='ocrx_word' id='word_1_586' title='bbox 992 5917 1258 5964; x_wconf 76' lang='lat' dir='ltr'><strong>estseriem</strong></span> <span class='ocrx_word' id='word_1_587' title='bbox 1282 5915 1523 5962; x_wconf 71' lang='lat' dir='ltr'>dictorum</span> <span class='ocrx_word' id='word_1_588' title='bbox 1546 5911 1833 5967; x_wconf 79' lang='lat' dir='ltr'><strong>restituere,</strong></span> <span class='ocrx_word' id='word_1_589' title='bbox 1858 5911 1946 5961; x_wconf 77' lang='lat' dir='ltr'>sed</span> 
     </span>
    </p>
   </div>
   <div class='ocr_carea' id='block_1_66' title="bbox 266 5975 1947 6040">
    <p class='ocr_par' dir='ltr' id='par_1_66' title="bbox 266 5975 1947 6040">
     <span class='ocr_line' id='line_1_67' title="bbox 266 5975 1947 6040; baseline -0.002 -16"><span class='ocrx_word' id='word_1_590' title='bbox 266 5990 441 6040; x_wconf 68' lang='lat' dir='ltr'><strong>novam</strong></span> <span class='ocrx_word' id='word_1_591' title='bbox 466 5978 678 6040; x_wconf 78' lang='lat' dir='ltr'><strong>condere</strong></span> <span class='ocrx_word' id='word_1_592' title='bbox 698 5977 901 6040; x_wconf 82' lang='lat' dir='ltr'><strong>seriem.</strong></span> <span class='ocrx_word' id='word_1_593' title='bbox 968 5976 1187 6040; x_wconf 62' lang='lat' dir='ltr'>hMorel.</span> <span class='ocrx_word' id='word_1_594' title='bbox 1231 5980 1294 6033; x_wconf 81' lang='grc' dir='ltr'>ὠς</span> <span class='ocrx_word' id='word_1_595' title='bbox 1338 5976 1568 6040; x_wconf 78' lang='grc' dir='ltr'>ἀνθρώπῳ</span> <span class='ocrx_word' id='word_1_596' title='bbox 1612 5975 1734 6039; x_wconf 78' lang='grc' dir='ltr'>ψιλῷ</span> <span class='ocrx_word' id='word_1_597' title='bbox 1758 5978 1947 6039; x_wconf 74' lang='grc' dir='ltr'>χαριζο-</span> 
     </span>
    </p>
   </div>
   <div class='ocr_carea' id='block_1_67' title="bbox 269 6038 1135 6099">
    <p class='ocr_par' dir='ltr' id='par_1_67' title="bbox 269 6038 1135 6099">
     <span class='ocr_line' id='line_1_68' title="bbox 269 6038 1135 6099; baseline 0 -12"><span class='ocrx_word' id='word_1_598' title='bbox 269 6038 409 6098; x_wconf 78' lang='grc' dir='ltr'>μένου</span> <span class='ocrx_word' id='word_1_599' title='bbox 443 6039 617 6096; x_wconf 79' lang='grc' dir='ltr'>αὐτοῖς.</span> <span class='ocrx_word' id='word_1_600' title='bbox 684 6042 704 6069; x_wconf 68' lang='grc' dir='ltr'><strong>τ</strong></span> <span class='ocrx_word' id='word_1_601' title='bbox 730 6039 827 6099; x_wconf 75' lang='lat' dir='ltr'>Alii</span> <span class='ocrx_word' id='word_1_602' title='bbox 851 6040 951 6091; x_wconf 80' lang='grc' dir='ltr'>ἐπεὶ</span> <span class='ocrx_word' id='word_1_603' title='bbox 968 6039 1135 6089; x_wconf 81' lang='grc' dir='ltr'>ἐδόκει.</span> 
     </span>
    </p>
   </div>
   <div class='ocr_carea' id='block_1_68' title="bbox 1296 376 2626 440">
    <p class='ocr_par' dir='ltr' id='par_1_68' title="bbox 1296 376 2626 440">
     <span class='ocr_line' id='line_1_69' title="bbox 1296 376 2626 440; baseline 0.007 -9"><span class='ocrx_word' id='word_1_604' title='bbox 1296 376 1365 432; x_wconf 83' lang='grc' dir='ltr'>ΙΝ</span> <span class='ocrx_word' id='word_1_605' title='bbox 1402 377 1716 434; x_wconf 81' lang='lat' dir='ltr'>JOANNEM</span> <span class='ocrx_word' id='word_1_606' title='bbox 1755 377 1986 435; x_wconf 81' lang='lat' dir='ltr'>HOMIL.</span> <span class='ocrx_word' id='word_1_607' title='bbox 2031 376 2264 434; x_wconf 72' lang='lat' dir='ltr'>LXXXI.</span> <span class='ocrx_word' id='word_1_608' title='bbox 2302 382 2374 436; x_wconf 88' lang='lat' dir='ltr'>al.</span> <span class='ocrx_word' id='word_1_609' title='bbox 2415 382 2626 440; x_wconf 77' lang='lat' dir='ltr'><strong>LXXX.</strong></span> 
     </span>
    </p>
   </div>
   <div class='ocr_carea' id='block_1_69' title="bbox 3581 380 3690 436">
    <p class='ocr_par' dir='ltr' id='par_1_69' title="bbox 3581 380 3690 436">
     <span class='ocr_line' id='line_1_70' title="bbox 3581 380 3690 436; baseline -0.018 0"><span class='ocrx_word' id='word_1_610' title='bbox 3581 380 3690 436; x_wconf 71' lang='grc'><strong>440</strong></span> 
     </span>
    </p>
   </div>
   <div class='ocr_carea' id='block_1_70' title="bbox 2025 494 3695 570">
    <p class='ocr_par' dir='ltr' id='par_1_70' title="bbox 2025 494 3695 570">
     <span class='ocr_line' id='line_1_71' title="bbox 2025 494 3695 570; baseline 0.005 -24"><span class='ocrx_word' id='word_1_611' title='bbox 2025 496 2223 549; x_wconf 87' lang='grc' dir='ltr'>ἐκεῖνοι</span> <span class='ocrx_word' id='word_1_612' title='bbox 2244 512 2259 527; x_wconf 77' lang='grc' dir='ltr'><strong>ο</strong></span> <span class='ocrx_word' id='word_1_613' title='bbox 2299 498 2437 561; x_wconf 89' lang='grc' dir='ltr'>τέως</span> <span class='ocrx_word' id='word_1_614' title='bbox 2461 518 2553 553; x_wconf 87' lang='grc' dir='ltr'>ουν</span> <span class='ocrx_word' id='word_1_615' title='bbox 2576 502 2761 563; x_wconf 84' lang='grc' dir='ltr'>αὐτοῖς</span> <span class='ocrx_word' id='word_1_616' title='bbox 2796 497 3238 570; x_wconf 87' lang='grc' dir='ltr'>συγκαταϐαίνει.</span> <span class='ocrx_word' id='word_1_617' title='bbox 3290 497 3352 550; x_wconf 85' lang='grc' dir='ltr'>Εἰ</span> <span class='ocrx_word' id='word_1_618' title='bbox 3384 496 3493 570; x_wconf 82' lang='grc' dir='ltr'>γάρ</span> <span class='ocrx_word' id='word_1_619' title='bbox 3521 494 3695 565; x_wconf 71' lang='grc' dir='ltr'>εἶπεν,</span> 
     </span>
    </p>
   </div>
   <div class='ocr_carea' id='block_1_71' title="bbox 2021 582 3700 659">
    <p class='ocr_par' dir='ltr' id='par_1_71' title="bbox 2021 582 3700 659">
     <span class='ocr_line' id='line_1_72' title="bbox 2021 582 3700 659; baseline 0.005 -26"><span class='ocrx_word' id='word_1_620' title='bbox 2021 582 2103 634; x_wconf 82' lang='grc' dir='ltr'>ὅτι</span> <span class='ocrx_word' id='word_1_621' title='bbox 2133 583 2273 651; x_wconf 85' lang='grc' dir='ltr'>Ἐγὼ</span> <span class='ocrx_word' id='word_1_622' title='bbox 2296 586 2449 657; x_wconf 88' lang='grc' dir='ltr'>τηρῶ</span> <span class='ocrx_word' id='word_1_623' title='bbox 2474 587 2689 651; x_wconf 80' lang='grc' dir='ltr'>αὐτοὺς,</span> <span class='ocrx_word' id='word_1_624' title='bbox 2720 590 2821 641; x_wconf 84' lang='grc' dir='ltr'>οὐκ</span> <span class='ocrx_word' id='word_1_625' title='bbox 2852 588 2918 641; x_wconf 84' lang='grc' dir='ltr'>ἂν</span> <span class='ocrx_word' id='word_1_626' title='bbox 2941 587 3110 648; x_wconf 80' lang='grc' dir='ltr'>οὓτως</span> <span class='ocrx_word' id='word_1_627' title='bbox 3131 587 3476 640; x_wconf 58' lang='grc' dir='ltr'>ἐπίστευσαν</span> <span class='ocrx_word' id='word_1_628' title='bbox 3509 589 3700 659; x_wconf 85' lang='grc' dir='ltr'>διόπερ</span> 
     </span>
    </p>
   </div>
   <div class='ocr_carea' id='block_1_72' title="bbox 2027 671 3697 744">
    <p class='ocr_par' dir='ltr' id='par_1_72' title="bbox 2027 671 3697 744">
     <span class='ocr_line' id='line_1_73' title="bbox 2027 671 3697 744; baseline 0.005 -22"><span class='ocrx_word' id='word_1_629' title='bbox 2027 671 2160 741; x_wconf 83' lang='grc' dir='ltr'>φησί</span> <span class='ocrx_word' id='word_1_630' title='bbox 2177 691 2188 702; x_wconf 92' lang='grc'>·</span> <span class='ocrx_word' id='word_1_631' title='bbox 2211 673 2401 742; x_wconf 86' lang='grc' dir='ltr'>Πάτερ</span> <span class='ocrx_word' id='word_1_632' title='bbox 2420 674 2567 743; x_wconf 78' lang='grc' dir='ltr'>ἅγιε,</span> <span class='ocrx_word' id='word_1_633' title='bbox 2588 674 2857 743; x_wconf 80' lang='grc' dir='ltr'>τήρησον</span> <span class='ocrx_word' id='word_1_634' title='bbox 2872 675 3093 740; x_wconf 84' lang='grc' dir='ltr'>αὐτοὺς</span> <span class='ocrx_word' id='word_1_635' title='bbox 3116 675 3184 727; x_wconf 75' lang='grc' dir='ltr'>ἐν</span> <span class='ocrx_word' id='word_1_636' title='bbox 3200 673 3279 739; x_wconf 85' lang='grc' dir='ltr'>τῷ</span> <span class='ocrx_word' id='word_1_637' title='bbox 3294 675 3535 744; x_wconf 77' lang='grc' dir='ltr'>ὀνόματι</span> <span class='ocrx_word' id='word_1_638' title='bbox 3559 693 3697 729; x_wconf 75' lang='grc' dir='ltr'>σουο</span> 
     </span>
    </p>
   </div>
   <div class='ocr_carea' id='block_1_73' title="bbox 2021 760 3701 832">
    <p class='ocr_par' dir='ltr' id='par_1_73' title="bbox 2021 760 3701 832">
     <span class='ocr_line' id='line_1_74' title="bbox 2021 760 3701 832; baseline 0.004 -22"><span class='ocrx_word' id='word_1_639' title='bbox 2021 760 2293 823; x_wconf 84' lang='grc' dir='ltr'>τουτέστι,</span> <span class='ocrx_word' id='word_1_640' title='bbox 2322 760 2419 814; x_wconf 88' lang='grc' dir='ltr'>Διά</span> <span class='ocrx_word' id='word_1_641' title='bbox 2449 763 2548 831; x_wconf 84' lang='grc' dir='ltr'>τῆς</span> <span class='ocrx_word' id='word_1_642' title='bbox 2586 763 2683 832; x_wconf 81' lang='grc' dir='ltr'>σῆς</span> <span class='ocrx_word' id='word_1_643' title='bbox 2722 762 2990 832; x_wconf 87' lang='grc' dir='ltr'>βοηθείας.</span> <span class='ocrx_word' id='word_1_644' title='bbox 3025 763 3165 814; x_wconf 84' lang='grc' dir='ltr'>Ὅτε</span> <span class='ocrx_word' id='word_1_645' title='bbox 3188 760 3352 830; x_wconf 75' lang='grc' dir='ltr'>ήμην</span> <span class='ocrx_word' id='word_1_646' title='bbox 3392 762 3464 815; x_wconf 87' lang='grc' dir='ltr'>ἐν</span> <span class='ocrx_word' id='word_1_647' title='bbox 3485 761 3565 827; x_wconf 85' lang='grc' dir='ltr'>τῷ</span> <span class='ocrx_word' id='word_1_648' title='bbox 3597 764 3701 816; x_wconf 82' lang='grc' dir='ltr'>κό-</span> 
     </span>
    </p>
   </div>
   <div class='ocr_carea' id='block_1_74' title="bbox 2022 846 3700 917">
    <p class='ocr_par' dir='ltr' id='par_1_74' title="bbox 2022 846 3700 917">
     <span class='ocr_line' id='line_1_75' title="bbox 2022 846 3700 917; baseline 0.002 -19"><span class='ocrx_word' id='word_1_649' title='bbox 2022 862 2174 915; x_wconf 87' lang='grc' dir='ltr'>σμῳ,</span> <span class='ocrx_word' id='word_1_650' title='bbox 2206 846 2320 917; x_wconf 82' lang='grc' dir='ltr'>ἐγὼ</span> <span class='ocrx_word' id='word_1_651' title='bbox 2340 849 2564 914; x_wconf 87' lang='grc' dir='ltr'>αὐτοὺς</span> <span class='ocrx_word' id='word_1_652' title='bbox 2593 849 2848 915; x_wconf 78' lang='grc' dir='ltr'>ἐτήρουν</span> <span class='ocrx_word' id='word_1_653' title='bbox 2880 848 2951 900; x_wconf 76' lang='grc' dir='ltr'>ἐν</span> <span class='ocrx_word' id='word_1_654' title='bbox 2977 846 3058 912; x_wconf 82' lang='grc' dir='ltr'>τῷ</span> <span class='ocrx_word' id='word_1_655' title='bbox 3084 847 3331 916; x_wconf 85' lang='grc' dir='ltr'>ὀνόματί</span> <span class='ocrx_word' id='word_1_656' title='bbox 3355 861 3493 902; x_wconf 90' lang='grc' dir='ltr'>σου.</span> <span class='ocrx_word' id='word_1_657' title='bbox 3532 848 3700 901; x_wconf 81' lang='grc' dir='ltr'>Πάλιν</span> 
     </span>
    </p>
   </div>
   <div class='ocr_carea' id='block_1_75' title="bbox 2020 934 3700 1007">
    <p class='ocr_par' dir='ltr' id='par_1_75' title="bbox 2020 934 3700 1007">
     <span class='ocr_line' id='line_1_76' title="bbox 2020 934 3700 1007; baseline 0.002 -21"><span class='ocrx_word' id='word_1_658' title='bbox 2020 935 2097 998; x_wconf 84' lang='grc' dir='ltr'>ὡς</span> <span class='ocrx_word' id='word_1_659' title='bbox 2115 934 2402 1006; x_wconf 78' lang='grc' dir='ltr'>ἄνθρωπος</span> <span class='ocrx_word' id='word_1_660' title='bbox 2426 936 2729 1005; x_wconf 88' lang='grc' dir='ltr'>διαλέγεται</span> <span class='ocrx_word' id='word_1_661' title='bbox 2756 935 2849 988; x_wconf 77' lang='grc' dir='ltr'>καὶ</span> <span class='ocrx_word' id='word_1_662' title='bbox 2868 935 2944 997; x_wconf 87' lang='grc' dir='ltr'>ὼς</span> <span class='ocrx_word' id='word_1_663' title='bbox 2967 936 3251 1007; x_wconf 87' lang='grc' dir='ltr'>προφήτης</span> <span class='ocrx_word' id='word_1_664' title='bbox 3273 953 3287 965; x_wconf 88' lang='grc'>·</span> <span class='ocrx_word' id='word_1_665' title='bbox 3313 936 3439 987; x_wconf 67' lang='grc' dir='ltr'>ἐπεὶ</span> <span class='ocrx_word' id='word_1_666' title='bbox 3463 935 3700 1006; x_wconf 81' lang='grc' dir='ltr'>οὐδαμοῦ</span> 
     </span>
    </p>
   </div>
   <div class='ocr_carea' id='block_1_76' title="bbox 2022 1021 3700 1093">
    <p class='ocr_par' dir='ltr' id='par_1_76' title="bbox 2022 1021 3700 1093">
     <span class='ocr_line' id='line_1_77' title="bbox 2022 1021 3700 1093; baseline -0.001 -18"><span class='ocrx_word' id='word_1_667' title='bbox 2022 1023 2272 1089; x_wconf 87' lang='grc' dir='ltr'>φαίνεται</span> <span class='ocrx_word' id='word_1_668' title='bbox 2304 1024 2456 1077; x_wconf 83' lang='grc' dir='ltr'>οὐδὲν</span> <span class='ocrx_word' id='word_1_669' title='bbox 2485 1025 2544 1076; x_wconf 92' lang='grc' dir='ltr'>ἐν</span> <span class='ocrx_word' id='word_1_670' title='bbox 2569 1022 2647 1093; x_wconf 86' lang='grc' dir='ltr'>τῷ</span> <span class='ocrx_word' id='word_1_671' title='bbox 2667 1022 2890 1093; x_wconf 88' lang='grc' dir='ltr'>ὀνόματι</span> <span class='ocrx_word' id='word_1_672' title='bbox 2928 1021 3021 1075; x_wconf 91' lang='grc' dir='ltr'>τοῦ</span> <span class='ocrx_word' id='word_1_673' title='bbox 3053 1021 3188 1074; x_wconf 86' lang='grc' dir='ltr'>Θεοῦ</span> <span class='ocrx_word' id='word_1_674' title='bbox 3217 1021 3553 1090; x_wconf 78' lang='grc' dir='ltr'>πεποιηκώς.</span> <span class='ocrx_word' id='word_1_675' title='bbox 3579 1021 3700 1087; x_wconf 81' lang='grc' dir='ltr'>Οὓς</span> 
     </span>
    </p>
   </div>
   <div class='ocr_carea' id='block_1_77' title="bbox 2021 1108 3699 1180">
    <p class='ocr_par' dir='ltr' id='par_1_77' title="bbox 2021 1108 3699 1180">
     <span class='ocr_line' id='line_1_78' title="bbox 2021 1108 3699 1180; baseline -0.002 -17"><span class='ocrx_word' id='word_1_676' title='bbox 2021 1109 2249 1177; x_wconf 79' lang='grc' dir='ltr'>ἔδωκάς</span> <span class='ocrx_word' id='word_1_677' title='bbox 2264 1130 2386 1180; x_wconf 87' lang='grc' dir='ltr'>μοι,</span> <span class='ocrx_word' id='word_1_678' title='bbox 2414 1111 2716 1180; x_wconf 67' lang='grc' dir='ltr'>ἐφύλαξα,</span> <span class='ocrx_word' id='word_1_679' title='bbox 2745 1110 2844 1163; x_wconf 76' lang='grc' dir='ltr'>καὶ</span> <span class='ocrx_word' id='word_1_680' title='bbox 2876 1109 3077 1175; x_wconf 79' lang='grc' dir='ltr'>οὐδεὶς</span> <span class='ocrx_word' id='word_1_681' title='bbox 3095 1109 3164 1173; x_wconf 81' lang='grc' dir='ltr'>ἐξ</span> <span class='ocrx_word' id='word_1_682' title='bbox 3192 1108 3390 1162; x_wconf 82' lang='grc' dir='ltr'>αὐτῶν</span> <span class='ocrx_word' id='word_1_683' title='bbox 3405 1109 3699 1172; x_wconf 77' lang='grc' dir='ltr'>ἀπώλετο,</span> 
     </span>
    </p>
   </div>
   <div class='ocr_carea' id='block_1_78' title="bbox 2022 1194 3698 1266">
    <p class='ocr_par' dir='ltr' id='par_1_78' title="bbox 2022 1194 3698 1266">
     <span class='ocr_line' id='line_1_79' title="bbox 2022 1194 3698 1266; baseline -0.001 -16"><span class='ocrx_word' id='word_1_684' title='bbox 2022 1200 2076 1250; x_wconf 81' lang='grc' dir='ltr'>εί</span> <span class='ocrx_word' id='word_1_685' title='bbox 2101 1197 2189 1266; x_wconf 81' lang='grc' dir='ltr'>μὴ</span> <span class='ocrx_word' id='word_1_686' title='bbox 2222 1202 2254 1252; x_wconf 84' lang='grc' dir='ltr'><em>ὁ</em></span> <span class='ocrx_word' id='word_1_687' title='bbox 2282 1199 2415 1265; x_wconf 84' lang='grc' dir='ltr'>υἱὸς</span> <span class='ocrx_word' id='word_1_688' title='bbox 2452 1199 2563 1266; x_wconf 83' lang='grc' dir='ltr'>τῆς</span> <span class='ocrx_word' id='word_1_689' title='bbox 2594 1199 2919 1262; x_wconf 83' lang='grc' dir='ltr'>ἀπωλείας,</span> <span class='ocrx_word' id='word_1_690' title='bbox 2945 1197 3047 1249; x_wconf 81' lang='grc' dir='ltr'>ἵνα</span> <span class='ocrx_word' id='word_1_691' title='bbox 3067 1198 3104 1263; x_wconf 71' lang='grc' dir='ltr'>τ)</span> <span class='ocrx_word' id='word_1_692' title='bbox 3148 1194 3358 1264; x_wconf 68' lang='grc' dir='ltr'>Γραφὴ</span> <span class='ocrx_word' id='word_1_693' title='bbox 3389 1194 3698 1263; x_wconf 76' lang='grc' dir='ltr'>πληρωθῇ.</span> 
     </span>
    </p>
   </div>
   <div class='ocr_carea' id='block_1_79' title="bbox 2023 1282 3704 1358">
    <p class='ocr_par' dir='ltr' id='par_1_79' title="bbox 2023 1282 3704 1358">
     <span class='ocr_line' id='line_1_80' title="bbox 2023 1282 3704 1358; baseline -0.002 -20"><span class='ocrx_word' id='word_1_694' title='bbox 2023 1286 2134 1338; x_wconf 76' lang='grc' dir='ltr'>Καὶ</span> <span class='ocrx_word' id='word_1_695' title='bbox 2160 1287 2395 1358; x_wconf 87' lang='grc' dir='ltr'>ἀλλαχοῦ</span> <span class='ocrx_word' id='word_1_696' title='bbox 2420 1304 2553 1357; x_wconf 83' lang='grc' dir='ltr'>φησι</span> <span class='ocrx_word' id='word_1_697' title='bbox 2580 1302 2592 1314; x_wconf 74' lang='grc'><strong><em>⁸</em></strong></span> <span class='ocrx_word' id='word_1_698' title='bbox 2614 1285 2749 1342; x_wconf 87' lang='grc' dir='ltr'>Πᾶν</span> <span class='ocrx_word' id='word_1_699' title='bbox 2776 1284 2807 1338; x_wconf 84' lang='grc' dir='ltr'><em>ὃ</em></span> <span class='ocrx_word' id='word_1_700' title='bbox 2830 1283 3057 1349; x_wconf 76' lang='grc' dir='ltr'>ἔδωκάς</span> <span class='ocrx_word' id='word_1_701' title='bbox 3073 1301 3196 1352; x_wconf 84' lang='grc' dir='ltr'>μοι,</span> <span class='ocrx_word' id='word_1_702' title='bbox 3215 1286 3287 1337; x_wconf 90' lang='grc' dir='ltr'>οὐ</span> <span class='ocrx_word' id='word_1_703' title='bbox 3310 1282 3395 1351; x_wconf 79' lang='grc' dir='ltr'>μὴ</span> <span class='ocrx_word' id='word_1_704' title='bbox 3418 1282 3704 1336; x_wconf 84' lang='grc' dir='ltr'>ἀπολέσω</span> 
     </span>
    </p>
   </div>
   <div class='ocr_carea' id='block_1_80' title="bbox 2021 1369 3702 1441">
    <p class='ocr_par' dir='ltr' id='par_1_80' title="bbox 2021 1369 3702 1441">
     <span class='ocr_line' id='line_1_81' title="bbox 2021 1369 3702 1441; baseline -0.004 -14"><span class='ocrx_word' id='word_1_705' title='bbox 2021 1373 2089 1437; x_wconf 79' lang='grc' dir='ltr'>ἐξ</span> <span class='ocrx_word' id='word_1_706' title='bbox 2122 1374 2330 1427; x_wconf 83' lang='grc' dir='ltr'>αὐτοῦ.</span> <span class='ocrx_word' id='word_1_707' title='bbox 2365 1373 2558 1426; x_wconf 84' lang='grc' dir='ltr'>Καίτοι</span> <span class='ocrx_word' id='word_1_708' title='bbox 2594 1374 2694 1426; x_wconf 86' lang='grc' dir='ltr'>ούκ</span> <span class='ocrx_word' id='word_1_709' title='bbox 2725 1374 2929 1433; x_wconf 88' lang='grc' dir='ltr'>ἐκεῖνος</span> <span class='ocrx_word' id='word_1_710' title='bbox 2952 1370 3202 1425; x_wconf 85' lang='grc' dir='ltr'>ἀπώλετο</span> <span class='ocrx_word' id='word_1_711' title='bbox 3233 1371 3412 1441; x_wconf 88' lang='grc' dir='ltr'>μόνος,</span> <span class='ocrx_word' id='word_1_712' title='bbox 3447 1369 3582 1423; x_wconf 88' lang='grc' dir='ltr'>ἀλλά</span> <span class='ocrx_word' id='word_1_713' title='bbox 3604 1369 3702 1422; x_wconf 71' lang='grc' dir='ltr'>καὶ</span> 
     </span>
    </p>
   </div>
   <div class='ocr_carea' id='block_1_81' title="bbox 2023 1456 3696 1532">
    <p class='ocr_par' dir='ltr' id='par_1_81' title="bbox 2023 1456 3696 1532">
     <span class='ocr_line' id='line_1_82' title="bbox 2023 1456 3696 1532; baseline -0.002 -19"><span class='ocrx_word' id='word_1_714' title='bbox 2023 1461 2210 1515; x_wconf 80' lang='grc' dir='ltr'>πολλοὶ</span> <span class='ocrx_word' id='word_1_715' title='bbox 2240 1461 2485 1532; x_wconf 78' lang='grc' dir='ltr'>ὕστερον.</span> <span class='ocrx_word' id='word_1_716' title='bbox 2519 1460 2643 1524; x_wconf 90' lang='grc' dir='ltr'>Πῶς</span> <span class='ocrx_word' id='word_1_717' title='bbox 2679 1456 2774 1513; x_wconf 81' lang='grc' dir='ltr'>οὖν</span> <span class='ocrx_word' id='word_1_718' title='bbox 2808 1476 2974 1530; x_wconf 89' lang='grc' dir='ltr'>φησιν</span> <span class='ocrx_word' id='word_1_719' title='bbox 2998 1499 3013 1522; x_wconf 93' lang='grc'>,</span> <span class='ocrx_word' id='word_1_720' title='bbox 3040 1459 3125 1512; x_wconf 81' lang='grc' dir='ltr'>Οὐ</span> <span class='ocrx_word' id='word_1_721' title='bbox 3154 1458 3241 1528; x_wconf 76' lang='grc' dir='ltr'>μὴ</span> <span class='ocrx_word' id='word_1_722' title='bbox 3271 1458 3587 1520; x_wconf 79' lang='grc' dir='ltr'>ἀπολέσω;</span> <span class='ocrx_word' id='word_1_723' title='bbox 3620 1458 3696 1510; x_wconf 82' lang='grc' dir='ltr'>Τὸ</span> 
     </span>
    </p>
   </div>
   <div class='ocr_carea' id='block_1_82' title="bbox 2022 1545 3699 1620">
    <p class='ocr_par' dir='ltr' id='par_1_82' title="bbox 2022 1545 3699 1620">
     <span class='ocr_line' id='line_1_83' title="bbox 2022 1545 3699 1620; baseline -0.004 -18"><span class='ocrx_word' id='word_1_724' title='bbox 2022 1550 2154 1620; x_wconf 84' lang='grc' dir='ltr'>ἐμὸν</span> <span class='ocrx_word' id='word_1_725' title='bbox 2178 1549 2363 1620; x_wconf 85' lang='grc' dir='ltr'>μέρος,</span> <span class='ocrx_word' id='word_1_726' title='bbox 2389 1550 2450 1602; x_wconf 88' lang='grc' dir='ltr'>οὑ</span> <span class='ocrx_word' id='word_1_727' title='bbox 2476 1549 2549 1619; x_wconf 84' lang='grc' dir='ltr'>μὴ</span> <span class='ocrx_word' id='word_1_728' title='bbox 2571 1547 2819 1602; x_wconf 75' lang='grc' dir='ltr'>ἀπολέσω</span> <span class='ocrx_word' id='word_1_729' title='bbox 2838 1565 2851 1578; x_wconf 87' lang='grc'><strong>·</strong></span> <span class='ocrx_word' id='word_1_730' title='bbox 2878 1548 3015 1618; x_wconf 84' lang='grc' dir='ltr'>ὅπερ</span> <span class='ocrx_word' id='word_1_731' title='bbox 3038 1545 3134 1600; x_wconf 75' lang='grc' dir='ltr'>καὶ</span> <span class='ocrx_word' id='word_1_732' title='bbox 3161 1545 3397 1615; x_wconf 84' lang='grc' dir='ltr'>ἀλλαχοῦ</span> <span class='ocrx_word' id='word_1_733' title='bbox 3433 1545 3699 1612; x_wconf 86' lang='grc' dir='ltr'>σαφέστε-</span> 
     </span>
    </p>
   </div>
   <div class='ocr_carea' id='block_1_83' title="bbox 2029 1632 3703 1706">
    <p class='ocr_par' dir='ltr' id='par_1_83' title="bbox 2029 1632 3703 1706">
     <span class='ocr_line' id='line_1_84' title="bbox 2029 1632 3703 1706; baseline -0.001 -19"><span class='ocrx_word' id='word_1_734' title='bbox 2029 1652 2118 1706; x_wconf 86' lang='grc' dir='ltr'>ρον</span> <span class='ocrx_word' id='word_1_735' title='bbox 2138 1634 2313 1704; x_wconf 86' lang='grc' dir='ltr'>δηλῶν</span> <span class='ocrx_word' id='word_1_736' title='bbox 2331 1635 2514 1703; x_wconf 75' lang='grc' dir='ltr'>ἔλεγεν</span> <span class='ocrx_word' id='word_1_737' title='bbox 2537 1650 2551 1665; x_wconf 86' lang='lat'><strong><em>°</em></strong></span> <span class='ocrx_word' id='word_1_738' title='bbox 2588 1636 2670 1688; x_wconf 84' lang='grc' dir='ltr'><strong>οὐ</strong></span> <span class='ocrx_word' id='word_1_739' title='bbox 2691 1634 2777 1704; x_wconf 84' lang='grc' dir='ltr'>μὴ</span> <span class='ocrx_word' id='word_1_740' title='bbox 2806 1633 3040 1687; x_wconf 78' lang='grc' dir='ltr'>ἐκϐάλω</span> <span class='ocrx_word' id='word_1_741' title='bbox 3064 1634 3253 1687; x_wconf 85' lang='grc' dir='ltr'>αὐτὸν</span> <span class='ocrx_word' id='word_1_742' title='bbox 3278 1632 3395 1696; x_wconf 77' lang='grc' dir='ltr'>ἔξω</span> <span class='ocrx_word' id='word_1_743' title='bbox 3413 1647 3427 1660; x_wconf 92' lang='grc'><strong>·</strong></span> <span class='ocrx_word' id='word_1_744' title='bbox 3462 1633 3523 1685; x_wconf 85' lang='grc' dir='ltr'>ού</span> <span class='ocrx_word' id='word_1_745' title='bbox 3549 1632 3703 1702; x_wconf 88' lang='grc' dir='ltr'>παρά</span> 
     </span>
    </p>
   </div>
   <div class='ocr_carea' id='block_1_84' title="bbox 2023 1718 3703 1793">
    <p class='ocr_par' dir='ltr' id='par_1_84' title="bbox 2023 1718 3703 1793">
     <span class='ocr_line' id='line_1_85' title="bbox 2023 1718 3703 1793; baseline -0.003 -18"><span class='ocrx_word' id='word_1_746' title='bbox 2023 1722 2123 1792; x_wconf 84' lang='grc' dir='ltr'>τὴν</span> <span class='ocrx_word' id='word_1_747' title='bbox 2150 1722 2289 1793; x_wconf 86' lang='grc' dir='ltr'>ἐμὴν</span> <span class='ocrx_word' id='word_1_748' title='bbox 2318 1723 2517 1786; x_wconf 90' lang='grc' dir='ltr'>αἰτίαν,</span> <span class='ocrx_word' id='word_1_749' title='bbox 2546 1721 2669 1775; x_wconf 81' lang='grc' dir='ltr'>οὐδὲ</span> <span class='ocrx_word' id='word_1_750' title='bbox 2720 1721 2855 1791; x_wconf 85' lang='grc' dir='ltr'>ἐμοῦ</span> <span class='ocrx_word' id='word_1_751' title='bbox 2892 1719 3182 1784; x_wconf 88' lang='grc' dir='ltr'>ὠθοῦντος,</span> <span class='ocrx_word' id='word_1_752' title='bbox 3219 1720 3342 1774; x_wconf 81' lang='grc' dir='ltr'>οὐδὲ</span> <span class='ocrx_word' id='word_1_753' title='bbox 3374 1718 3703 1790; x_wconf 79' lang='grc' dir='ltr'>ἐγκαταλιμ-</span> 
     </span>
    </p>
   </div>
   <div class='ocr_carea' id='block_1_85' title="bbox 2028 1807 3701 1879">
    <p class='ocr_par' dir='ltr' id='par_1_85' title="bbox 2028 1807 3701 1879">
     <span class='ocr_line' id='line_1_86' title="bbox 2028 1807 3701 1879; baseline -0.002 -16"><span class='ocrx_word' id='word_1_754' title='bbox 2028 1810 2311 1874; x_wconf 83' lang='grc' dir='ltr'>πάνοντος.</span> <span class='ocrx_word' id='word_1_755' title='bbox 2341 1811 2405 1863; x_wconf 64' lang='lat' dir='ltr'><strong>Et</strong></span> <span class='ocrx_word' id='word_1_756' title='bbox 2430 1810 2487 1862; x_wconf 89' lang='grc' dir='ltr'>δέ</span> <span class='ocrx_word' id='word_1_757' title='bbox 2516 1811 2607 1877; x_wconf 86' lang='grc' dir='ltr'>ἀφ’</span> <span class='ocrx_word' id='word_1_758' title='bbox 2648 1807 2856 1862; x_wconf 78' lang='grc' dir='ltr'>ἑαυτῶν</span> <span class='ocrx_word' id='word_1_759' title='bbox 2889 1807 3238 1879; x_wconf 86' lang='grc' dir='ltr'>ἀποπηδῶσι,</span> <span class='ocrx_word' id='word_1_760' title='bbox 3289 1808 3425 1879; x_wconf 81' lang='grc' dir='ltr'>πρὸς</span> <span class='ocrx_word' id='word_1_761' title='bbox 3453 1808 3701 1878; x_wconf 84' lang='grc' dir='ltr'>ἀνάγκην</span> 
     </span>
    </p>
   </div>
   <div class='ocr_carea' id='block_1_86' title="bbox 2023 1894 3704 1969">
    <p class='ocr_par' dir='ltr' id='par_1_86' title="bbox 2023 1894 3704 1969">
     <span class='ocr_line' id='line_1_87' title="bbox 2023 1894 3704 1969; baseline -0.002 -18"><span class='ocrx_word' id='word_1_762' title='bbox 2023 1899 2121 1969; x_wconf 76' lang='grc' dir='ltr'>οὐχ</span> <span class='ocrx_word' id='word_1_763' title='bbox 2149 1898 2310 1952; x_wconf 78' lang='grc' dir='ltr'>ἐλκω.</span> <span class='ocrx_word' id='word_1_764' title='bbox 2332 1896 2461 1952; x_wconf 88' lang='grc' dir='ltr'>Νῦν</span> <span class='ocrx_word' id='word_1_765' title='bbox 2481 1896 2550 1950; x_wconf 86' lang='grc' dir='ltr'>δὲ</span> <span class='ocrx_word' id='word_1_766' title='bbox 2579 1896 2729 1964; x_wconf 80' lang='grc' dir='ltr'>πρὸς</span> <span class='ocrx_word' id='word_1_767' title='bbox 2755 1894 2831 1948; x_wconf 85' lang='grc' dir='ltr'>σὲ</span> <span class='ocrx_word' id='word_1_768' title='bbox 2854 1895 3121 1964; x_wconf 75' lang='grc' dir='ltr'>ἔρχομαι.</span> <span class='ocrx_word' id='word_1_769' title='bbox 3162 1895 3323 1966; x_wconf 81' lang='grc' dir='ltr'>Ὁρᾷς</span> <span class='ocrx_word' id='word_1_770' title='bbox 3349 1894 3704 1966; x_wconf 81' lang='grc' dir='ltr'>ἀνθρωπινώ-</span> 
     </span>
    </p>
   </div>
   <div class='ocr_carea' id='block_1_87' title="bbox 2024 1981 3703 2057">
    <p class='ocr_par' dir='ltr' id='par_1_87' title="bbox 2024 1981 3703 2057">
     <span class='ocr_line' id='line_1_88' title="bbox 2024 1981 3703 2057; baseline -0.003 -18"><span class='ocrx_word' id='word_1_771' title='bbox 2024 2003 2181 2057; x_wconf 89' lang='grc' dir='ltr'>τερον</span> <span class='ocrx_word' id='word_1_772' title='bbox 2217 1984 2580 2055; x_wconf 76' lang='grc' dir='ltr'>συγκειμένην</span> <span class='ocrx_word' id='word_1_773' title='bbox 2609 1983 2707 2054; x_wconf 79' lang='grc' dir='ltr'>τήν</span> <span class='ocrx_word' id='word_1_774' title='bbox 2730 1981 2998 2048; x_wconf 82' lang='grc' dir='ltr'>διάλεξιν;</span> <span class='ocrx_word' id='word_1_775' title='bbox 3040 1982 3203 2034; x_wconf 85' lang='grc' dir='ltr'>Ὥστε</span> <span class='ocrx_word' id='word_1_776' title='bbox 3240 1983 3292 2034; x_wconf 75' lang='grc' dir='ltr'>εἴ</span> <span class='ocrx_word' id='word_1_777' title='bbox 3333 1998 3419 2043; x_wconf 79' lang='grc' dir='ltr'>τις</span> <span class='ocrx_word' id='word_1_778' title='bbox 3461 1981 3703 2051; x_wconf 86' lang='grc' dir='ltr'>βούλοιτο</span> 
     </span>
    </p>
   </div>
   <div class='ocr_carea' id='block_1_88' title="bbox 2027 2068 3699 2131">
    <p class='ocr_par' dir='ltr' id='par_1_88' title="bbox 2027 2068 3699 2131">
     <span class='ocr_line' id='line_1_89' title="bbox 2027 2068 3699 2131; baseline -0.004 -4"><span class='ocrx_word' id='word_1_779' title='bbox 2027 2072 2284 2127; x_wconf 77' lang='grc' dir='ltr'>ἐλαττοῦν</span> <span class='ocrx_word' id='word_1_780' title='bbox 2316 2073 2407 2125; x_wconf 82' lang='grc' dir='ltr'>τὸν</span> <span class='ocrx_word' id='word_1_781' title='bbox 2438 2071 2565 2124; x_wconf 82' lang='grc' dir='ltr'>Υίὺν</span> <span class='ocrx_word' id='word_1_782' title='bbox 2588 2071 2696 2123; x_wconf 83' lang='grc' dir='ltr'>ἀπὸ</span> <span class='ocrx_word' id='word_1_783' title='bbox 2727 2069 2955 2131; x_wconf 81' lang='grc' dir='ltr'>τούτων,</span> <span class='ocrx_word' id='word_1_784' title='bbox 2992 2068 3287 2122; x_wconf 80' lang='grc' dir='ltr'>ἐλαττώσει</span> <span class='ocrx_word' id='word_1_785' title='bbox 3322 2069 3417 2121; x_wconf 77' lang='grc' dir='ltr'>καὶ</span> <span class='ocrx_word' id='word_1_786' title='bbox 3448 2070 3539 2121; x_wconf 87' lang='grc' dir='ltr'>τὸν</span> <span class='ocrx_word' id='word_1_787' title='bbox 3585 2071 3699 2122; x_wconf 90' lang='grc' dir='ltr'>Πα-</span> 
     </span>
    </p>
   </div>
   <div class='ocr_carea' id='block_1_89' title="bbox 2026 2153 3702 2231">
    <p class='ocr_par' dir='ltr' id='par_1_89' title="bbox 2026 2153 3702 2231">
     <span class='ocr_line' id='line_1_90' title="bbox 2026 2153 3702 2231; baseline -0.004 -17"><span class='ocrx_word' id='word_1_788' title='bbox 2026 2161 2180 2231; x_wconf 88' lang='grc' dir='ltr'>τέρα.</span> <span class='ocrx_word' id='word_1_789' title='bbox 2213 2162 2353 2230; x_wconf 84' lang='grc' dir='ltr'>Ὅρα</span> <span class='ocrx_word' id='word_1_790' title='bbox 2396 2158 2526 2228; x_wconf 92' lang='grc' dir='ltr'>γοῦν</span> <span class='ocrx_word' id='word_1_791' title='bbox 2565 2155 2625 2221; x_wconf 82' lang='grc' dir='ltr'>ἐξ</span> <span class='ocrx_word' id='word_1_792' title='bbox 2654 2153 2682 2194; x_wconf 68' lang='grc' dir='ltr'>δ</span> <span class='ocrx_word' id='word_1_793' title='bbox 2715 2158 2909 2227; x_wconf 86' lang='grc' dir='ltr'>ἀρχῆς,</span> <span class='ocrx_word' id='word_1_794' title='bbox 2937 2156 2999 2207; x_wconf 83' lang='grc' dir='ltr'>τὺ</span> <span class='ocrx_word' id='word_1_795' title='bbox 3050 2156 3146 2225; x_wconf 79' lang='grc' dir='ltr'>μὲν</span> <span class='ocrx_word' id='word_1_796' title='bbox 3175 2154 3249 2218; x_wconf 87' lang='grc' dir='ltr'>ὼς</span> <span class='ocrx_word' id='word_1_797' title='bbox 3280 2155 3547 2209; x_wconf 85' lang='grc' dir='ltr'>διδάσκων</span> <span class='ocrx_word' id='word_1_798' title='bbox 3584 2156 3702 2207; x_wconf 74' lang='grc' dir='ltr'>ἐστὶ</span> 
     </span>
    </p>
   </div>
   <div class='ocr_carea' id='block_1_90' title="bbox 2028 2241 3702 2318">
    <p class='ocr_par' dir='ltr' id='par_1_90' title="bbox 2028 2241 3702 2318">
     <span class='ocr_line' id='line_1_91' title="bbox 2028 2241 3702 2318; baseline -0.005 -15"><span class='ocrx_word' id='word_1_799' title='bbox 2028 2253 2119 2304; x_wconf 77' lang='grc' dir='ltr'>καὶ</span> <span class='ocrx_word' id='word_1_800' title='bbox 2143 2246 2453 2318; x_wconf 77' lang='grc' dir='ltr'>σαφηνίζων</span> <span class='ocrx_word' id='word_1_801' title='bbox 2481 2246 2651 2315; x_wconf 84' lang='grc' dir='ltr'>αὐτῷ,</span> <span class='ocrx_word' id='word_1_802' title='bbox 2681 2245 2742 2297; x_wconf 84' lang='grc' dir='ltr'>τὸ</span> <span class='ocrx_word' id='word_1_803' title='bbox 2762 2244 2818 2296; x_wconf 85' lang='grc' dir='ltr'>δὲ</span> <span class='ocrx_word' id='word_1_804' title='bbox 2844 2244 2918 2305; x_wconf 84' lang='grc' dir='ltr'>ὡς</span> <span class='ocrx_word' id='word_1_805' title='bbox 2941 2241 3344 2313; x_wconf 83' lang='grc' dir='ltr'>παραγγέλλων</span> <span class='ocrx_word' id='word_1_806' title='bbox 3366 2259 3379 2275; x_wconf 76' lang='grc' dir='ltr'><strong>ο</strong></span> <span class='ocrx_word' id='word_1_807' title='bbox 3410 2242 3477 2295; x_wconf 89' lang='grc' dir='ltr'>τὰ</span> <span class='ocrx_word' id='word_1_808' title='bbox 3506 2242 3604 2313; x_wconf 81' lang='grc' dir='ltr'>μὲν</span> <span class='ocrx_word' id='word_1_809' title='bbox 3624 2242 3702 2304; x_wconf 83' lang='grc' dir='ltr'>ὡς</span> 
     </span>
    </p>
   </div>
   <div class='ocr_carea' id='block_1_91' title="bbox 2025 2326 3698 2402">
    <p class='ocr_par' dir='ltr' id='par_1_91' title="bbox 2025 2326 3698 2402">
     <span class='ocr_line' id='line_1_92' title="bbox 2025 2326 3698 2402; baseline -0.007 -11"><span class='ocrx_word' id='word_1_810' title='bbox 2025 2338 2310 2400; x_wconf 84' lang='grc' dir='ltr'>διδάσκων,</span> <span class='ocrx_word' id='word_1_811' title='bbox 2338 2335 2413 2398; x_wconf 84' lang='grc' dir='ltr'>ὡς</span> <span class='ocrx_word' id='word_1_812' title='bbox 2449 2336 2577 2387; x_wconf 83' lang='grc' dir='ltr'>ὅταν</span> <span class='ocrx_word' id='word_1_813' title='bbox 2600 2332 2736 2402; x_wconf 86' lang='grc' dir='ltr'>λέγῃ</span> <span class='ocrx_word' id='word_1_814' title='bbox 2755 2347 2770 2361; x_wconf 77' lang='grc' dir='ltr'><strong><em>ο</em></strong></span> <span class='ocrx_word' id='word_1_815' title='bbox 2796 2332 2879 2384; x_wconf 89' lang='grc' dir='ltr'>Οὺ</span> <span class='ocrx_word' id='word_1_816' title='bbox 2914 2331 3046 2398; x_wconf 80' lang='grc' dir='ltr'>περὶ</span> <span class='ocrx_word' id='word_1_817' title='bbox 3078 2330 3181 2383; x_wconf 87' lang='grc' dir='ltr'>τοῦ</span> <span class='ocrx_word' id='word_1_818' title='bbox 3206 2330 3441 2396; x_wconf 81' lang='grc' dir='ltr'>κόσμου</span> <span class='ocrx_word' id='word_1_819' title='bbox 3469 2326 3661 2397; x_wconf 83' lang='grc' dir='ltr'>ἐρωτῶ</span> <span class='ocrx_word' id='word_1_820' title='bbox 3684 2344 3698 2357; x_wconf 87' lang='grc'><strong>·</strong></span> 
     </span>
    </p>
   </div>
   <div class='ocr_carea' id='block_1_92' title="bbox 2026 2412 3700 2493">
    <p class='ocr_par' dir='ltr' id='par_1_92' title="bbox 2026 2412 3700 2493">
     <span class='ocr_line' id='line_1_93' title="bbox 2026 2412 3700 2493; baseline -0.007 -15"><span class='ocrx_word' id='word_1_821' title='bbox 2026 2425 2094 2478; x_wconf 85' lang='grc' dir='ltr'>τὰ</span> <span class='ocrx_word' id='word_1_822' title='bbox 2118 2420 2174 2478; x_wconf 73' lang='grc' dir='ltr'>δὲ</span> <span class='ocrx_word' id='word_1_823' title='bbox 2196 2424 2270 2486; x_wconf 86' lang='grc' dir='ltr'>ὡς</span> <span class='ocrx_word' id='word_1_824' title='bbox 2301 2420 2699 2493; x_wconf 81' lang='grc' dir='ltr'>παραγγέλλων</span> <span class='ocrx_word' id='word_1_825' title='bbox 2715 2437 2727 2449; x_wconf 90' lang='grc'><strong>·</strong></span> <span class='ocrx_word' id='word_1_826' title='bbox 2769 2417 2910 2487; x_wconf 88' lang='grc' dir='ltr'>Ἐγὼ</span> <span class='ocrx_word' id='word_1_827' title='bbox 2932 2419 3175 2488; x_wconf 77' lang='grc' dir='ltr'>ἐτήρησα</span> <span class='ocrx_word' id='word_1_828' title='bbox 3201 2412 3398 2479; x_wconf 73' lang='grc' dir='ltr'>αὐτοὺς</span> <span class='ocrx_word' id='word_1_829' title='bbox 3420 2416 3524 2479; x_wconf 83' lang='grc' dir='ltr'>ἓως</span> <span class='ocrx_word' id='word_1_830' title='bbox 3551 2416 3700 2486; x_wconf 80' lang='grc' dir='ltr'>ἀρτι,</span> 
     </span>
    </p>
   </div>
   <div class='ocr_carea' id='block_1_93' title="bbox 2025 2501 3697 2577">
    <p class='ocr_par' dir='ltr' id='par_1_93' title="bbox 2025 2501 3697 2577">
     <span class='ocr_line' id='line_1_94' title="bbox 2025 2501 3697 2577; baseline -0.009 -9"><span class='ocrx_word' id='word_1_831' title='bbox 2025 2514 2135 2568; x_wconf 78' lang='grc' dir='ltr'>Καὶ</span> <span class='ocrx_word' id='word_1_832' title='bbox 2158 2510 2355 2577; x_wconf 77' lang='grc' dir='ltr'>οὐδεὶς</span> <span class='ocrx_word' id='word_1_833' title='bbox 2371 2509 2641 2563; x_wconf 79' lang='grc' dir='ltr'>ἀπώλετο</span> <span class='ocrx_word' id='word_1_834' title='bbox 2658 2523 2671 2536; x_wconf 87' lang='grc'><strong>·</strong></span> <span class='ocrx_word' id='word_1_835' title='bbox 2698 2509 2812 2568; x_wconf 74' lang='grc' dir='ltr'>καὶ,</span> <span class='ocrx_word' id='word_1_836' title='bbox 2832 2507 2916 2560; x_wconf 88' lang='grc' dir='ltr'>Σὺ</span> <span class='ocrx_word' id='word_1_837' title='bbox 2935 2507 3144 2558; x_wconf 85' lang='grc' dir='ltr'>τοίνυν</span> <span class='ocrx_word' id='word_1_838' title='bbox 3163 2504 3435 2571; x_wconf 77' lang='grc' dir='ltr'>τήρησον</span> <span class='ocrx_word' id='word_1_839' title='bbox 3453 2501 3697 2567; x_wconf 78' lang='grc' dir='ltr'>αὐτοὺς,</span> 
     </span>
    </p>
   </div>
   <div class='ocr_carea' id='block_1_94' title="bbox 2029 2589 3699 2671">
    <p class='ocr_par' dir='ltr' id='par_1_94' title="bbox 2029 2589 3699 2671">
     <span class='ocr_line' id='line_1_95' title="bbox 2029 2589 3699 2671; baseline -0.008 -17"><span class='ocrx_word' id='word_1_840' title='bbox 2029 2600 2195 2671; x_wconf 84' lang='grc' dir='ltr'>φησί·</span> <span class='ocrx_word' id='word_1_841' title='bbox 2223 2599 2319 2653; x_wconf 66' lang='grc' dir='ltr'>καὶ</span> <span class='ocrx_word' id='word_1_842' title='bbox 2351 2597 2513 2650; x_wconf 84' lang='grc' dir='ltr'>πάλιν</span> <span class='ocrx_word' id='word_1_843' title='bbox 2532 2613 2545 2626; x_wconf 91' lang='grc'><strong>·</strong></span> <span class='ocrx_word' id='word_1_844' title='bbox 2575 2596 2679 2649; x_wconf 75' lang='grc' dir='ltr'>Σοὶ</span> <span class='ocrx_word' id='word_1_845' title='bbox 2708 2591 2888 2665; x_wconf 79' lang='grc' dir='ltr'>ἦσαν,</span> <span class='ocrx_word' id='word_1_846' title='bbox 2918 2592 3012 2646; x_wconf 83' lang='grc' dir='ltr'>καὶ</span> <span class='ocrx_word' id='word_1_847' title='bbox 3033 2592 3159 2661; x_wconf 82' lang='grc' dir='ltr'>ἐμοὶ</span> <span class='ocrx_word' id='word_1_848' title='bbox 3188 2590 3411 2655; x_wconf 84' lang='grc' dir='ltr'>αὐτοὺς</span> <span class='ocrx_word' id='word_1_849' title='bbox 3438 2589 3664 2654; x_wconf 76' lang='grc' dir='ltr'>ἔδωκας</span> <span class='ocrx_word' id='word_1_850' title='bbox 3685 2605 3699 2618; x_wconf 77' lang='grc' dir='ltr'>ο</span> 
     </span>
    </p>
   </div>
   <div class='ocr_carea' id='block_1_95' title="bbox 2028 2674 3702 2754">
    <p class='ocr_par' dir='ltr' id='par_1_95' title="bbox 2028 2674 3702 2754">
     <span class='ocr_line' id='line_1_96' title="bbox 2028 2674 3702 2754; baseline -0.009 -13"><span class='ocrx_word' id='word_1_851' title='bbox 2028 2690 2141 2752; x_wconf 76' lang='grc' dir='ltr'>καὶ,</span> <span class='ocrx_word' id='word_1_852' title='bbox 2169 2688 2301 2740; x_wconf 87' lang='grc' dir='ltr'>Ὅτε</span> <span class='ocrx_word' id='word_1_853' title='bbox 2321 2685 2483 2754; x_wconf 81' lang='grc' dir='ltr'>ἥμην</span> <span class='ocrx_word' id='word_1_854' title='bbox 2504 2684 2574 2737; x_wconf 86' lang='grc' dir='ltr'>ἐν</span> <span class='ocrx_word' id='word_1_855' title='bbox 2600 2681 2681 2748; x_wconf 80' lang='grc' dir='ltr'>τῷ</span> <span class='ocrx_word' id='word_1_856' title='bbox 2713 2683 2937 2750; x_wconf 83' lang='grc' dir='ltr'>κόσμῳ,</span> <span class='ocrx_word' id='word_1_857' title='bbox 2973 2678 3231 2746; x_wconf 76' lang='grc' dir='ltr'>ἐτήρουν</span> <span class='ocrx_word' id='word_1_858' title='bbox 3257 2678 3497 2741; x_wconf 82' lang='grc' dir='ltr'>αὐτούς.</span> <span class='ocrx_word' id='word_1_859' title='bbox 3541 2674 3702 2732; x_wconf 87' lang='grc' dir='ltr'>Ἀλλά</span> 
     </span>
    </p>
   </div>
   <div class='ocr_carea' id='block_1_96' title="bbox 2029 2762 3703 2844">
    <p class='ocr_par' dir='ltr' id='par_1_96' title="bbox 2029 2762 3703 2844">
     <span class='ocr_line' id='line_1_97' title="bbox 2029 2762 3703 2844; baseline -0.008 -16"><span class='ocrx_word' id='word_1_860' title='bbox 2029 2776 2247 2828; x_wconf 86' lang='grc' dir='ltr'>πάντων</span> <span class='ocrx_word' id='word_1_861' title='bbox 2272 2775 2305 2844; x_wconf 89' lang='grc' dir='ltr'>ή</span> <span class='ocrx_word' id='word_1_862' title='bbox 2330 2773 2505 2835; x_wconf 90' lang='grc' dir='ltr'>λύσις,</span> <span class='ocrx_word' id='word_1_863' title='bbox 2534 2771 2595 2824; x_wconf 80' lang='grc' dir='ltr'>τὸ</span> <span class='ocrx_word' id='word_1_864' title='bbox 2628 2769 2766 2841; x_wconf 82' lang='grc' dir='ltr'>πρὸς</span> <span class='ocrx_word' id='word_1_865' title='bbox 2788 2769 2886 2838; x_wconf 87' lang='grc' dir='ltr'>τὴν</span> <span class='ocrx_word' id='word_1_866' title='bbox 2909 2767 3196 2820; x_wconf 87' lang='grc' dir='ltr'>ἀσθένειαν</span> <span class='ocrx_word' id='word_1_867' title='bbox 3236 2764 3415 2819; x_wconf 82' lang='grc' dir='ltr'>αὐτῶν</span> <span class='ocrx_word' id='word_1_868' title='bbox 3452 2762 3703 2834; x_wconf 83' lang='grc' dir='ltr'>εἰρῆσθαι</span> 
     </span>
    </p>
   </div>
   <div class='ocr_carea' id='block_1_97' title="bbox 2029 2849 3701 2931">
    <p class='ocr_par' dir='ltr' id='par_1_97' title="bbox 2029 2849 3701 2931">
     <span class='ocr_line' id='line_1_98' title="bbox 2029 2849 3701 2931; baseline -0.007 -17"><span class='ocrx_word' id='word_1_869' title='bbox 2029 2862 2098 2914; x_wconf 83' lang='grc' dir='ltr'>τὰ</span> <span class='ocrx_word' id='word_1_870' title='bbox 2126 2859 2411 2931; x_wconf 82' lang='grc' dir='ltr'>εἰρημένα.</span> <span class='ocrx_word' id='word_1_871' title='bbox 2442 2856 2628 2910; x_wconf 85' lang='grc' dir='ltr'>Εἰπὼν</span> <span class='ocrx_word' id='word_1_872' title='bbox 2649 2856 2729 2920; x_wconf 84' lang='grc' dir='ltr'>δὲ,</span> <span class='ocrx_word' id='word_1_873' title='bbox 2755 2857 2837 2908; x_wconf 84' lang='grc' dir='ltr'>ὅτι</span> <span class='ocrx_word' id='word_1_874' title='bbox 2860 2853 3071 2919; x_wconf 75' lang='grc' dir='ltr'>Οὐδεὶς</span> <span class='ocrx_word' id='word_1_875' title='bbox 3101 2851 3169 2915; x_wconf 80' lang='grc' dir='ltr'>ἐξ</span> <span class='ocrx_word' id='word_1_876' title='bbox 3193 2849 3393 2904; x_wconf 82' lang='grc' dir='ltr'>αὐτῶν</span> <span class='ocrx_word' id='word_1_877' title='bbox 3407 2849 3701 2911; x_wconf 81' lang='grc' dir='ltr'>ἀπώλετο,</span> 
     </span>
    </p>
   </div>
   <div class='ocr_carea' id='block_1_98' title="bbox 2029 2936 3703 3017">
    <p class='ocr_par' dir='ltr' id='par_1_98' title="bbox 2029 2936 3703 3017">
     <span class='ocr_line' id='line_1_99' title="bbox 2029 2936 3703 3017; baseline -0.008 -14"><span class='ocrx_word' id='word_1_878' title='bbox 2029 2951 2083 3003; x_wconf 85' lang='grc' dir='ltr'>εί</span> <span class='ocrx_word' id='word_1_879' title='bbox 2108 2949 2193 3017; x_wconf 81' lang='grc' dir='ltr'>μὴ</span> <span class='ocrx_word' id='word_1_880' title='bbox 2218 2951 2249 3001; x_wconf 89' lang='lat' dir='ltr'><strong>d</strong></span> <span class='ocrx_word' id='word_1_881' title='bbox 2277 2946 2408 3011; x_wconf 84' lang='grc' dir='ltr'>υίὸς</span> <span class='ocrx_word' id='word_1_882' title='bbox 2440 2943 2548 3013; x_wconf 84' lang='grc' dir='ltr'>τῆς</span> <span class='ocrx_word' id='word_1_883' title='bbox 2582 2942 2902 3007; x_wconf 80' lang='grc' dir='ltr'>ἀπωλείας,</span> <span class='ocrx_word' id='word_1_884' title='bbox 2923 2942 3201 3009; x_wconf 78' lang='grc' dir='ltr'>ἐπήγαγεν</span> <span class='ocrx_word' id='word_1_885' title='bbox 3221 2953 3234 2965; x_wconf 82' lang='lat'><strong><em>°</em></strong></span> <span class='ocrx_word' id='word_1_886' title='bbox 3270 2938 3402 2992; x_wconf 82' lang='grc' dir='ltr'>Ἵνα</span> <span class='ocrx_word' id='word_1_887' title='bbox 3425 2939 3463 3004; x_wconf 82' lang='grc' dir='ltr'><em>ὴ</em></span> <span class='ocrx_word' id='word_1_888' title='bbox 3493 2936 3703 3004; x_wconf 67' lang='grc' dir='ltr'>Γραφὴ</span> 
     </span>
    </p>
   </div>
   <div class='ocr_carea' id='block_1_99' title="bbox 2031 3021 3704 3103">
    <p class='ocr_par' dir='ltr' id='par_1_99' title="bbox 2031 3021 3704 3103">
     <span class='ocr_line' id='line_1_100' title="bbox 2031 3021 3704 3103; baseline -0.01 -13"><span class='ocrx_word' id='word_1_889' title='bbox 2031 3033 2336 3103; x_wconf 78' lang='grc' dir='ltr'>πληρωθῇ.</span> <span class='ocrx_word' id='word_1_890' title='bbox 2374 3033 2542 3087; x_wconf 86' lang='grc' dir='ltr'>Ποίαν</span> <span class='ocrx_word' id='word_1_891' title='bbox 2590 3030 2811 3101; x_wconf 88' lang='grc' dir='ltr'>γραφήν</span> <span class='ocrx_word' id='word_1_892' title='bbox 2839 3044 3009 3097; x_wconf 88' lang='grc' dir='ltr'>φησι;</span> <span class='ocrx_word' id='word_1_893' title='bbox 3041 3026 3152 3097; x_wconf 83' lang='grc' dir='ltr'>Τὴν</span> <span class='ocrx_word' id='word_1_894' title='bbox 3175 3025 3343 3078; x_wconf 83' lang='grc' dir='ltr'>πολλὰ</span> <span class='ocrx_word' id='word_1_895' title='bbox 3384 3024 3512 3094; x_wconf 78' lang='grc' dir='ltr'>περὶ</span> <span class='ocrx_word' id='word_1_896' title='bbox 3538 3021 3704 3077; x_wconf 83' lang='grc' dir='ltr'>αὑτοῦ</span> 
     </span>
    </p>
   </div>
   <div class='ocr_carea' id='block_1_100' title="bbox 2032 3111 3701 3195">
    <p class='ocr_par' dir='ltr' id='par_1_100' title="bbox 2032 3111 3701 3195">
     <span class='ocr_line' id='line_1_101' title="bbox 2032 3111 3701 3195; baseline -0.008 -19"><span class='ocrx_word' id='word_1_897' title='bbox 2032 3123 2423 3195; x_wconf 87' lang='grc' dir='ltr'>προλέγουσαν.</span> <span class='ocrx_word' id='word_1_898' title='bbox 2472 3119 2547 3173; x_wconf 81' lang='grc' dir='ltr'><strong>Οὐ</strong></span> <span class='ocrx_word' id='word_1_899' title='bbox 2580 3118 2686 3189; x_wconf 85' lang='grc' dir='ltr'>μὴν</span> <span class='ocrx_word' id='word_1_900' title='bbox 2714 3116 2804 3169; x_wconf 86' lang='grc' dir='ltr'>διὰ</span> <span class='ocrx_word' id='word_1_901' title='bbox 2850 3115 3009 3168; x_wconf 86' lang='grc' dir='ltr'>τοῦτο</span> <span class='ocrx_word' id='word_1_902' title='bbox 3040 3113 3306 3173; x_wconf 83' lang='grc' dir='ltr'>ἀπώλετο,</span> <span class='ocrx_word' id='word_1_903' title='bbox 3340 3112 3481 3182; x_wconf 87' lang='grc' dir='ltr'>ἴναή</span> <span class='ocrx_word' id='word_1_904' title='bbox 3511 3112 3547 3163; x_wconf 89' lang='grc' dir='ltr'><strong><em>Γ</em></strong></span> <span class='ocrx_word' id='word_1_905' title='bbox 3555 3111 3701 3181; x_wconf 83' lang='grc' dir='ltr'>ραφὴ</span> 
     </span>
    </p>
   </div>
   <div class='ocr_carea' id='block_1_101' title="bbox 2032 3197 3703 3280">
    <p class='ocr_par' dir='ltr' id='par_1_101' title="bbox 2032 3197 3703 3280">
     <span class='ocr_line' id='line_1_102' title="bbox 2032 3197 3703 3280; baseline -0.007 -17"><span class='ocrx_word' id='word_1_906' title='bbox 2032 3209 2315 3280; x_wconf 82' lang='grc' dir='ltr'>πληρωθῇ.</span> <span class='ocrx_word' id='word_1_907' title='bbox 2347 3209 2457 3261; x_wconf 78' lang='grc' dir='ltr'>Καὶ</span> <span class='ocrx_word' id='word_1_908' title='bbox 2485 3205 2615 3277; x_wconf 76' lang='grc' dir='ltr'>περὶ</span> <span class='ocrx_word' id='word_1_909' title='bbox 2652 3203 2845 3257; x_wconf 88' lang='grc' dir='ltr'>τούτου</span> <span class='ocrx_word' id='word_1_910' title='bbox 2894 3202 3065 3254; x_wconf 82' lang='grc' dir='ltr'>πολλὰ</span> <span class='ocrx_word' id='word_1_911' title='bbox 3092 3202 3183 3255; x_wconf 75' lang='grc' dir='ltr'>καὶ</span> <span class='ocrx_word' id='word_1_912' title='bbox 3212 3200 3522 3271; x_wconf 75' lang='grc' dir='ltr'>ἔμπροσθεν</span> <span class='ocrx_word' id='word_1_913' title='bbox 3550 3197 3703 3269; x_wconf 72' lang='grc'>[481]</span> 
     </span>
    </p>
   </div>
   <div class='ocr_carea' id='block_1_102' title="bbox 2029 3284 3707 3369">
    <p class='ocr_par' dir='ltr' id='par_1_102' title="bbox 2029 3284 3707 3369">
     <span class='ocr_line' id='line_1_103' title="bbox 2029 3284 3707 3369; baseline -0.01 -16"><span class='ocrx_word' id='word_1_914' title='bbox 2029 3298 2404 3369; x_wconf 86' lang='grc' dir='ltr'>διελέχθημεν,</span> <span class='ocrx_word' id='word_1_915' title='bbox 2436 3297 2518 3350; x_wconf 81' lang='grc' dir='ltr'>ὅτι</span> <span class='ocrx_word' id='word_1_916' title='bbox 2550 3292 2765 3355; x_wconf 75' lang='grc' dir='ltr'>ίδιάζων</span> <span class='ocrx_word' id='word_1_917' title='bbox 2798 3284 2953 3354; x_wconf 75' lang='grc' dir='ltr'>οὗτος</span> <span class='ocrx_word' id='word_1_918' title='bbox 2986 3290 3084 3359; x_wconf 85' lang='grc' dir='ltr'>τῆς</span> <span class='ocrx_word' id='word_1_919' title='bbox 3109 3288 3331 3359; x_wconf 81' lang='grc' dir='ltr'>Γραφῆς</span> <span class='ocrx_word' id='word_1_920' title='bbox 3359 3289 3507 3340; x_wconf 85' lang='grc' dir='ltr'>ἐστιν</span> <span class='ocrx_word' id='word_1_921' title='bbox 3527 3289 3555 3339; x_wconf 90' lang='grc' dir='ltr'>ὁ</span> <span class='ocrx_word' id='word_1_922' title='bbox 3583 3286 3707 3356; x_wconf 88' lang='grc' dir='ltr'>τρό-</span> 
     </span>
    </p>
   </div>
   <div class='ocr_carea' id='block_1_103' title="bbox 2031 3374 3710 3451">
    <p class='ocr_par' dir='ltr' id='par_1_103' title="bbox 2031 3374 3710 3451">
     <span class='ocr_line' id='line_1_104' title="bbox 2031 3374 3710 3451; baseline -0.009 -11"><span class='ocrx_word' id='word_1_923' title='bbox 2031 3403 2151 3451; x_wconf 87' lang='grc' dir='ltr'>πος,</span> <span class='ocrx_word' id='word_1_924' title='bbox 2172 3384 2247 3448; x_wconf 83' lang='grc' dir='ltr'>ὡς</span> <span class='ocrx_word' id='word_1_925' title='bbox 2272 3380 2604 3450; x_wconf 85' lang='grc' dir='ltr'>αἰτιολογίαν</span> <span class='ocrx_word' id='word_1_926' title='bbox 2629 3378 2921 3449; x_wconf 85' lang='grc' dir='ltr'>τιθεμένης</span> <span class='ocrx_word' id='word_1_927' title='bbox 2956 3376 3024 3430; x_wconf 83' lang='grc' dir='ltr'>τὰ</span> <span class='ocrx_word' id='word_1_928' title='bbox 3044 3378 3108 3429; x_wconf 78' lang='grc' dir='ltr'>ἐκ</span> <span class='ocrx_word' id='word_1_929' title='bbox 3129 3377 3227 3445; x_wconf 82' lang='grc' dir='ltr'>τῆς</span> <span class='ocrx_word' id='word_1_930' title='bbox 3261 3374 3540 3435; x_wconf 86' lang='grc' dir='ltr'>ἐκϐάσεως</span> <span class='ocrx_word' id='word_1_931' title='bbox 3570 3391 3710 3443; x_wconf 91' lang='grc' dir='ltr'>συμ-</span> 
     </span>
    </p>
   </div>
   <div class='ocr_carea' id='block_1_104' title="bbox 2032 3460 3710 3535">
    <p class='ocr_par' dir='ltr' id='par_1_104' title="bbox 2032 3460 3710 3535">
     <span class='ocr_line' id='line_1_105' title="bbox 2032 3460 3710 3535; baseline -0.007 -10"><span class='ocrx_word' id='word_1_932' title='bbox 2032 3474 2306 3528; x_wconf 86' lang='grc' dir='ltr'>ϐαίνοντα.</span> <span class='ocrx_word' id='word_1_933' title='bbox 2342 3471 2454 3525; x_wconf 75' lang='grc' dir='ltr'>Καὶ</span> <span class='ocrx_word' id='word_1_934' title='bbox 2477 3470 2557 3522; x_wconf 81' lang='grc' dir='ltr'>δεῖ</span> <span class='ocrx_word' id='word_1_935' title='bbox 2581 3467 2759 3521; x_wconf 84' lang='grc' dir='ltr'>πάντα</span> <span class='ocrx_word' id='word_1_936' title='bbox 2795 3464 2931 3535; x_wconf 86' lang='grc' dir='ltr'>μετά</span> <span class='ocrx_word' id='word_1_937' title='bbox 2959 3462 3245 3533; x_wconf 87' lang='grc' dir='ltr'>ἀκριϐείας</span> <span class='ocrx_word' id='word_1_938' title='bbox 3268 3462 3542 3526; x_wconf 79' lang='grc' dir='ltr'>ἐξετάζειν</span> <span class='ocrx_word' id='word_1_939' title='bbox 3561 3500 3576 3525; x_wconf 93' lang='grc'>,</span> <span class='ocrx_word' id='word_1_940' title='bbox 3611 3460 3710 3514; x_wconf 76' lang='grc' dir='ltr'>καὶ</span> 
     </span>
    </p>
   </div>
   <div class='ocr_carea' id='block_1_105' title="bbox 2029 3549 3708 3633">
    <p class='ocr_par' dir='ltr' id='par_1_105' title="bbox 2029 3549 3708 3633">
     <span class='ocr_line' id='line_1_106' title="bbox 2029 3549 3708 3633; baseline -0.01 -17"><span class='ocrx_word' id='word_1_941' title='bbox 2029 3563 2121 3616; x_wconf 82' lang='grc' dir='ltr'>τὸν</span> <span class='ocrx_word' id='word_1_942' title='bbox 2154 3556 2355 3633; x_wconf 85' lang='grc' dir='ltr'>τρόπον</span> <span class='ocrx_word' id='word_1_943' title='bbox 2400 3555 2494 3611; x_wconf 92' lang='grc' dir='ltr'>τοῦ</span> <span class='ocrx_word' id='word_1_944' title='bbox 2544 3555 2815 3623; x_wconf 88' lang='grc' dir='ltr'>λέγοντος,</span> <span class='ocrx_word' id='word_1_945' title='bbox 2849 3555 2943 3605; x_wconf 77' lang='grc' dir='ltr'>καὶ</span> <span class='ocrx_word' id='word_1_946' title='bbox 2968 3552 3067 3621; x_wconf 85' lang='grc' dir='ltr'>τὴν</span> <span class='ocrx_word' id='word_1_947' title='bbox 3113 3549 3391 3614; x_wconf 83' lang='grc' dir='ltr'>ὑπόθεσιν,</span> <span class='ocrx_word' id='word_1_948' title='bbox 3452 3549 3708 3611; x_wconf 72' lang='grc' dir='ltr'>καὶτοὺς</span> 
     </span>
    </p>
   </div>
   <div class='ocr_carea' id='block_1_106' title="bbox 2031 3636 3709 3718">
    <p class='ocr_par' dir='ltr' id='par_1_106' title="bbox 2031 3636 3709 3718">
     <span class='ocr_line' id='line_1_107' title="bbox 2031 3636 3709 3718; baseline -0.01 -14"><span class='ocrx_word' id='word_1_949' title='bbox 2031 3651 2230 3718; x_wconf 83' lang='grc' dir='ltr'>νόμους</span> <span class='ocrx_word' id='word_1_950' title='bbox 2260 3647 2387 3710; x_wconf 83' lang='grc' dir='ltr'>τοὺς</span> <span class='ocrx_word' id='word_1_951' title='bbox 2414 3646 2512 3715; x_wconf 83' lang='grc' dir='ltr'>τῆς</span> <span class='ocrx_word' id='word_1_952' title='bbox 2537 3643 2778 3714; x_wconf 84' lang='grc' dir='ltr'>Γραφῆς,</span> <span class='ocrx_word' id='word_1_953' title='bbox 2812 3640 2864 3693; x_wconf 74' lang='grc' dir='ltr'>εί</span> <span class='ocrx_word' id='word_1_954' title='bbox 2890 3656 2955 3708; x_wconf 91' lang='grc' dir='ltr'>γε</span> <span class='ocrx_word' id='word_1_955' title='bbox 2990 3640 3063 3711; x_wconf 85' lang='grc' dir='ltr'>μὴ</span> <span class='ocrx_word' id='word_1_956' title='bbox 3091 3638 3377 3709; x_wconf 82' lang='grc' dir='ltr'>μέλλοιμεν</span> <span class='ocrx_word' id='word_1_957' title='bbox 3409 3636 3709 3708; x_wconf 87' lang='grc' dir='ltr'>παραλογί-</span> 
     </span>
    </p>
   </div>
   <div class='ocr_carea' id='block_1_107' title="bbox 2034 3724 3705 3805">
    <p class='ocr_par' dir='ltr' id='par_1_107' title="bbox 2034 3724 3705 3805">
     <span class='ocr_line' id='line_1_108' title="bbox 2034 3724 3705 3805; baseline -0.008 -12"><span class='ocrx_word' id='word_1_958' title='bbox 2034 3739 2226 3805; x_wconf 81' lang='grc' dir='ltr'>ζεσθαι</span> <span class='ocrx_word' id='word_1_959' title='bbox 2246 3754 2260 3769; x_wconf 71' lang='grc' dir='ltr'><strong>ο</strong></span> <span class='ocrx_word' id='word_1_960' title='bbox 2304 3732 2571 3803; x_wconf 79' lang='grc' dir='ltr'>Ἀδελφοί</span> <span class='ocrx_word' id='word_1_961' title='bbox 2603 3731 2731 3801; x_wconf 86' lang='grc' dir='ltr'>γὰρ,</span> <span class='ocrx_word' id='word_1_962' title='bbox 2754 3728 2840 3798; x_wconf 80' lang='grc' dir='ltr'>μὴ</span> <span class='ocrx_word' id='word_1_963' title='bbox 2866 3727 3075 3781; x_wconf 84' lang='grc' dir='ltr'>παιδία</span> <span class='ocrx_word' id='word_1_964' title='bbox 3094 3727 3334 3797; x_wconf 74' lang='grc' dir='ltr'>γίνεσθε</span> <span class='ocrx_word' id='word_1_965' title='bbox 3353 3725 3482 3791; x_wconf 83' lang='grc' dir='ltr'>ταῖς</span> <span class='ocrx_word' id='word_1_966' title='bbox 3503 3724 3705 3793; x_wconf 69' lang='grc' dir='ltr'>φρεσί.</span> 
     </span>
    </p>
   </div>
   <div class='ocr_carea' id='block_1_108' title="bbox 2099 3813 3709 3896">
    <p class='ocr_par' dir='ltr' id='par_1_108' title="bbox 2099 3813 3709 3896">
     <span class='ocr_line' id='line_1_109' title="bbox 2099 3813 3709 3896; baseline -0.011 -15"><span class='ocrx_word' id='word_1_967' title='bbox 2099 3826 2149 3896; x_wconf 84' lang='grc' dir='ltr'>γ’</span> <span class='ocrx_word' id='word_1_968' title='bbox 2157 3868 2172 3881; x_wconf 95' lang='grc'>.</span> <span class='ocrx_word' id='word_1_969' title='bbox 2199 3823 2371 3879; x_wconf 90' lang='grc' dir='ltr'>Τοῦτο</span> <span class='ocrx_word' id='word_1_970' title='bbox 2402 3823 2461 3876; x_wconf 79' lang='grc' dir='ltr'>δὲ</span> <span class='ocrx_word' id='word_1_971' title='bbox 2485 3821 2582 3889; x_wconf 82' lang='grc' dir='ltr'>οὐχ</span> <span class='ocrx_word' id='word_1_972' title='bbox 2613 3818 2753 3886; x_wconf 78' lang='grc' dir='ltr'>ὑπὲρ</span> <span class='ocrx_word' id='word_1_973' title='bbox 2787 3819 2887 3888; x_wconf 86' lang='grc' dir='ltr'>τῆς</span> <span class='ocrx_word' id='word_1_974' title='bbox 2928 3816 3033 3869; x_wconf 88' lang='grc' dir='ltr'>τῶν</span> <span class='ocrx_word' id='word_1_975' title='bbox 3064 3813 3297 3885; x_wconf 87' lang='grc' dir='ltr'>Γραφῶν</span> <span class='ocrx_word' id='word_1_976' title='bbox 3328 3813 3709 3883; x_wconf 87' lang='grc' dir='ltr'>κατανοήσεως</span> 
     </span>
    </p>
   </div>
   <div class='ocr_carea' id='block_1_109' title="bbox 2032 3901 3704 3984">
    <p class='ocr_par' dir='ltr' id='par_1_109' title="bbox 2032 3901 3704 3984">
     <span class='ocr_line' id='line_1_110' title="bbox 2032 3901 3704 3984; baseline -0.01 -15"><span class='ocrx_word' id='word_1_977' title='bbox 2032 3913 2427 3984; x_wconf 85' lang='grc' dir='ltr'>ἀναγινώσκειν</span> <span class='ocrx_word' id='word_1_978' title='bbox 2452 3909 2560 3982; x_wconf 83' lang='grc' dir='ltr'>χρὴ</span> <span class='ocrx_word' id='word_1_979' title='bbox 2582 3909 2762 3979; x_wconf 88' lang='grc' dir='ltr'>μόνον,</span> <span class='ocrx_word' id='word_1_980' title='bbox 2802 3905 2936 3960; x_wconf 82' lang='grc' dir='ltr'>ἀλλά</span> <span class='ocrx_word' id='word_1_981' title='bbox 2982 3903 3078 3957; x_wconf 67' lang='grc' dir='ltr'>καὶ</span> <span class='ocrx_word' id='word_1_982' title='bbox 3120 3902 3261 3973; x_wconf 80' lang='grc' dir='ltr'>ὑπὲρ</span> <span class='ocrx_word' id='word_1_983' title='bbox 3308 3902 3408 3970; x_wconf 88' lang='grc' dir='ltr'>τῆς</span> <span class='ocrx_word' id='word_1_984' title='bbox 3440 3902 3568 3971; x_wconf 79' lang='grc' dir='ltr'>περὶ</span> <span class='ocrx_word' id='word_1_985' title='bbox 3612 3901 3704 3953; x_wconf 80' lang='grc' dir='ltr'>τὸν</span> 
     </span>
    </p>
   </div>
   <div class='ocr_carea' id='block_1_110' title="bbox 2035 3988 3708 4075">
    <p class='ocr_par' dir='ltr' id='par_1_110' title="bbox 2035 3988 3708 4075">
     <span class='ocr_line' id='line_1_111' title="bbox 2035 3988 3708 4075; baseline -0.012 -17"><span class='ocrx_word' id='word_1_986' title='bbox 2035 4004 2150 4075; x_wconf 82' lang='grc' dir='ltr'>βίον</span> <span class='ocrx_word' id='word_1_987' title='bbox 2182 4000 2437 4069; x_wconf 77' lang='grc' dir='ltr'>σπουδῆς.</span> <span class='ocrx_word' id='word_1_988' title='bbox 2478 3998 2588 4051; x_wconf 77' lang='grc' dir='ltr'>Καὶ</span> <span class='ocrx_word' id='word_1_989' title='bbox 2616 3996 2724 4067; x_wconf 82' lang='grc' dir='ltr'>γὰρ</span> <span class='ocrx_word' id='word_1_990' title='bbox 2749 3995 2798 4046; x_wconf 85' lang='grc' dir='ltr'>οἱ</span> <span class='ocrx_word' id='word_1_991' title='bbox 2821 3992 3009 4055; x_wconf 79' lang='grc' dir='ltr'>παῖδες</span> <span class='ocrx_word' id='word_1_992' title='bbox 3040 3992 3090 4044; x_wconf 79' lang='grc' dir='ltr'>οἱ</span> <span class='ocrx_word' id='word_1_993' title='bbox 3126 3990 3311 4060; x_wconf 76' lang='grc' dir='ltr'>μικροὶ</span> <span class='ocrx_word' id='word_1_994' title='bbox 3339 3988 3455 4075; x_wconf 89' lang='grc' dir='ltr'>τῶν</span> <span class='ocrx_word' id='word_1_995' title='bbox 3484 3988 3581 4057; x_wconf 80' lang='grc' dir='ltr'>μὲν</span> <span class='ocrx_word' id='word_1_996' title='bbox 3608 4005 3708 4075; x_wconf 81' lang='grc' dir='ltr'>με·</span> 
     </span>
    </p>
   </div>
   <div class='ocr_carea' id='block_1_111' title="bbox 2033 4074 3712 4160">
    <p class='ocr_par' dir='ltr' id='par_1_111' title="bbox 2033 4074 3712 4160">
     <span class='ocr_line' id='line_1_112' title="bbox 2033 4074 3712 4160; baseline -0.013 -14"><span class='ocrx_word' id='word_1_997' title='bbox 2033 4074 2215 4160; x_wconf 84' lang='grc' dir='ltr'>γάλων</span> <span class='ocrx_word' id='word_1_998' title='bbox 2244 4091 2343 4143; x_wconf 81' lang='grc' dir='ltr'>οὐκ</span> <span class='ocrx_word' id='word_1_999' title='bbox 2366 4087 2631 4155; x_wconf 86' lang='grc' dir='ltr'>ἐφίενται,</span> <span class='ocrx_word' id='word_1_1000' title='bbox 2654 4084 2725 4137; x_wconf 80' lang='grc' dir='ltr'>τὰ</span> <span class='ocrx_word' id='word_1_1001' title='bbox 2745 4082 2802 4135; x_wconf 82' lang='grc' dir='ltr'>δέ</span> <span class='ocrx_word' id='word_1_1002' title='bbox 2836 4080 3060 4151; x_wconf 85' lang='grc' dir='ltr'>μηδενὸς</span> <span class='ocrx_word' id='word_1_1003' title='bbox 3093 4078 3219 4142; x_wconf 79' lang='grc' dir='ltr'>ἄξια</span> <span class='ocrx_word' id='word_1_1004' title='bbox 3254 4074 3555 4146; x_wconf 80' lang='grc' dir='ltr'>θαυμάζειν</span> <span class='ocrx_word' id='word_1_1005' title='bbox 3587 4074 3712 4126; x_wconf 78' lang='grc' dir='ltr'>εἰώ-</span> 
     </span>
    </p>
   </div>
   <div class='ocr_carea' id='block_1_112' title="bbox 2037 4163 3708 4248">
    <p class='ocr_par' dir='ltr' id='par_1_112' title="bbox 2037 4163 3708 4248">
     <span class='ocr_line' id='line_1_113' title="bbox 2037 4163 3708 4248; baseline -0.013 -13"><span class='ocrx_word' id='word_1_1006' title='bbox 2037 4180 2181 4234; x_wconf 85' lang='grc' dir='ltr'>θασι.</span> <span class='ocrx_word' id='word_1_1007' title='bbox 2209 4180 2322 4233; x_wconf 72' lang='grc' dir='ltr'>Καὶ</span> <span class='ocrx_word' id='word_1_1008' title='bbox 2347 4177 2455 4248; x_wconf 82' lang='grc' dir='ltr'>γὰρ</span> <span class='ocrx_word' id='word_1_1009' title='bbox 2477 4175 2748 4245; x_wconf 81' lang='grc' dir='ltr'>ὀχήματα,</span> <span class='ocrx_word' id='word_1_1010' title='bbox 2774 4170 2868 4224; x_wconf 76' lang='grc' dir='ltr'>καὶ</span> <span class='ocrx_word' id='word_1_1011' title='bbox 2895 4169 3118 4230; x_wconf 81' lang='grc' dir='ltr'>ἵππους,</span> <span class='ocrx_word' id='word_1_1012' title='bbox 3139 4165 3234 4217; x_wconf 72' lang='grc' dir='ltr'>καὶ</span> <span class='ocrx_word' id='word_1_1013' title='bbox 3257 4163 3348 4217; x_wconf 77' lang='grc' dir='ltr'>τὸν</span> <span class='ocrx_word' id='word_1_1014' title='bbox 3372 4164 3708 4234; x_wconf 78' lang='grc' dir='ltr'>ὀρεωκόμον,</span> 
     </span>
    </p>
   </div>
   <div class='ocr_carea' id='block_1_113' title="bbox 2036 4255 3709 4341">
    <p class='ocr_par' dir='ltr' id='par_1_113' title="bbox 2036 4255 3709 4341">
     <span class='ocr_line' id='line_1_114' title="bbox 2036 4255 3709 4341; baseline -0.013 -15"><span class='ocrx_word' id='word_1_1015' title='bbox 2036 4273 2131 4326; x_wconf 74' lang='grc' dir='ltr'>καὶ</span> <span class='ocrx_word' id='word_1_1016' title='bbox 2158 4271 2285 4333; x_wconf 78' lang='grc' dir='ltr'>τοὺς</span> <span class='ocrx_word' id='word_1_1017' title='bbox 2322 4267 2571 4341; x_wconf 77' lang='grc' dir='ltr'>τροχοὺς,</span> <span class='ocrx_word' id='word_1_1018' title='bbox 2607 4265 2785 4337; x_wconf 52' lang='grc' dir='ltr'>τήντα</span> <span class='ocrx_word' id='word_1_1019' title='bbox 2813 4262 2873 4326; x_wconf 79' lang='grc' dir='ltr'>ἐξ</span> <span class='ocrx_word' id='word_1_1020' title='bbox 2897 4259 3165 4331; x_wconf 84' lang='grc' dir='ltr'>ὀστράκου</span> <span class='ocrx_word' id='word_1_1021' title='bbox 3216 4255 3561 4326; x_wconf 86' lang='grc' dir='ltr'>πεποιημένα</span> <span class='ocrx_word' id='word_1_1022' title='bbox 3586 4255 3709 4325; x_wconf 84' lang='grc' dir='ltr'>χαί-</span> 
     </span>
    </p>
   </div>
   <div class='ocr_carea' id='block_1_114' title="bbox 2042 4344 3709 4431">
    <p class='ocr_par' dir='ltr' id='par_1_114' title="bbox 2042 4344 3709 4431">
     <span class='ocr_line' id='line_1_115' title="bbox 2042 4344 3709 4431; baseline -0.012 -18"><span class='ocrx_word' id='word_1_1023' title='bbox 2042 4377 2192 4431; x_wconf 90' lang='grc' dir='ltr'>ρουσι</span> <span class='ocrx_word' id='word_1_1024' title='bbox 2217 4357 2502 4430; x_wconf 81' lang='grc' dir='ltr'>βλέποντες</span> <span class='ocrx_word' id='word_1_1025' title='bbox 2522 4371 2534 4384; x_wconf 87' lang='grc'><strong>·</strong></span> <span class='ocrx_word' id='word_1_1026' title='bbox 2560 4352 2626 4406; x_wconf 80' lang='grc' dir='ltr'>ἂν</span> <span class='ocrx_word' id='word_1_1027' title='bbox 2652 4351 2709 4405; x_wconf 84' lang='grc' dir='ltr'>δέ</span> <span class='ocrx_word' id='word_1_1028' title='bbox 2744 4348 2965 4420; x_wconf 83' lang='grc' dir='ltr'>βασιλέα</span> <span class='ocrx_word' id='word_1_1029' title='bbox 2997 4346 3302 4415; x_wconf 87' lang='grc' dir='ltr'>καθήμενον</span> <span class='ocrx_word' id='word_1_1030' title='bbox 3321 4346 3406 4396; x_wconf 90' lang='grc' dir='ltr'>ἐπ’</span> <span class='ocrx_word' id='word_1_1031' title='bbox 3433 4344 3709 4413; x_wconf 86' lang='grc' dir='ltr'>ὀχήματος</span> 
     </span>
    </p>
   </div>
   <div class='ocr_carea' id='block_1_115' title="bbox 2040 4431 3711 4519">
    <p class='ocr_par' dir='ltr' id='par_1_115' title="bbox 2040 4431 3711 4519">
     <span class='ocr_line' id='line_1_116' title="bbox 2040 4431 3711 4519; baseline -0.012 -18"><span class='ocrx_word' id='word_1_1032' title='bbox 2040 4450 2192 4501; x_wconf 73' lang='grc' dir='ltr'>ἴδωσι</span> <span class='ocrx_word' id='word_1_1033' title='bbox 2222 4444 2449 4519; x_wconf 90' lang='grc' dir='ltr'>χρυσοῦ,</span> <span class='ocrx_word' id='word_1_1034' title='bbox 2482 4440 2576 4496; x_wconf 75' lang='grc' dir='ltr'>καὶ</span> <span class='ocrx_word' id='word_1_1035' title='bbox 2614 4439 2854 4510; x_wconf 81' lang='grc' dir='ltr'>ἡμιόνων</span> <span class='ocrx_word' id='word_1_1036' title='bbox 2908 4436 3101 4504; x_wconf 80' lang='grc' dir='ltr'>ζεῦγος</span> <span class='ocrx_word' id='word_1_1037' title='bbox 3141 4433 3372 4494; x_wconf 89' lang='grc' dir='ltr'>λευκῶν,</span> <span class='ocrx_word' id='word_1_1038' title='bbox 3410 4433 3505 4485; x_wconf 77' lang='grc' dir='ltr'>καὶ</span> <span class='ocrx_word' id='word_1_1039' title='bbox 3541 4431 3711 4519; x_wconf 80' lang='grc' dir='ltr'>πολὺν</span> 
     </span>
    </p>
   </div>
   <div class='ocr_carea' id='block_1_116' title="bbox 2037 4518 3712 4604">
    <p class='ocr_par' dir='ltr' id='par_1_116' title="bbox 2037 4518 3712 4604">
     <span class='ocr_line' id='line_1_117' title="bbox 2037 4518 3712 4604; baseline -0.012 -14"><span class='ocrx_word' id='word_1_1040' title='bbox 2037 4536 2131 4589; x_wconf 87' lang='grc' dir='ltr'>τόν</span> <span class='ocrx_word' id='word_1_1041' title='bbox 2161 4535 2385 4604; x_wconf 87' lang='grc' dir='ltr'>κόσμον,</span> <span class='ocrx_word' id='word_1_1042' title='bbox 2413 4530 2534 4584; x_wconf 81' lang='grc' dir='ltr'>οῦδέ</span> <span class='ocrx_word' id='word_1_1043' title='bbox 2564 4526 3007 4597; x_wconf 82' lang='grc' dir='ltr'>ἐπιστρέφονται.</span> <span class='ocrx_word' id='word_1_1044' title='bbox 3044 4524 3152 4576; x_wconf 76' lang='grc' dir='ltr'>Καὶ</span> <span class='ocrx_word' id='word_1_1045' title='bbox 3171 4522 3388 4592; x_wconf 80' lang='grc' dir='ltr'>νύμφας</span> <span class='ocrx_word' id='word_1_1046' title='bbox 3415 4519 3578 4573; x_wconf 82' lang='grc' dir='ltr'>πάλιν</span> <span class='ocrx_word' id='word_1_1047' title='bbox 3603 4518 3712 4572; x_wconf 86' lang='grc' dir='ltr'>ἀπὸ</span> 
     </span>
    </p>
   </div>
   <div class='ocr_carea' id='block_1_117' title="bbox 2044 4604 3714 4695">
    <p class='ocr_par' dir='ltr' id='par_1_117' title="bbox 2044 4604 3714 4695">
     <span class='ocr_line' id='line_1_118' title="bbox 2044 4604 3714 4695; baseline -0.013 -18"><span class='ocrx_word' id='word_1_1048' title='bbox 2044 4623 2143 4695; x_wconf 77' lang='grc' dir='ltr'>μὲν</span> <span class='ocrx_word' id='word_1_1049' title='bbox 2169 4623 2269 4694; x_wconf 83' lang='grc' dir='ltr'>τῆς</span> <span class='ocrx_word' id='word_1_1050' title='bbox 2316 4619 2485 4691; x_wconf 84' lang='grc' dir='ltr'>αὐτῆς</span> <span class='ocrx_word' id='word_1_1051' title='bbox 2537 4616 2668 4687; x_wconf 85' lang='grc' dir='ltr'>ῦλης</span> <span class='ocrx_word' id='word_1_1052' title='bbox 2721 4613 2977 4675; x_wconf 88' lang='grc' dir='ltr'>λαϐόντες</span> <span class='ocrx_word' id='word_1_1053' title='bbox 3004 4609 3397 4680; x_wconf 88' lang='grc' dir='ltr'>πεποιημένας,</span> <span class='ocrx_word' id='word_1_1054' title='bbox 3436 4604 3714 4661; x_wconf 88' lang='grc' dir='ltr'>καλλωπί-</span> 
     </span>
    </p>
   </div>
   <div class='ocr_carea' id='block_1_118' title="bbox 2042 4696 3707 4776">
    <p class='ocr_par' dir='ltr' id='par_1_118' title="bbox 2042 4696 3707 4776">
     <span class='ocr_line' id='line_1_119' title="bbox 2042 4696 3707 4776; baseline -0.011 -11"><span class='ocrx_word' id='word_1_1055' title='bbox 2042 4712 2229 4776; x_wconf 77' lang='grc' dir='ltr'>ζουσι·</span> <span class='ocrx_word' id='word_1_1056' title='bbox 2264 4707 2364 4770; x_wconf 78' lang='grc' dir='ltr'>τὰς</span> <span class='ocrx_word' id='word_1_1057' title='bbox 2396 4706 2454 4760; x_wconf 87' lang='grc' dir='ltr'>δέ</span> <span class='ocrx_word' id='word_1_1058' title='bbox 2472 4705 2639 4766; x_wconf 78' lang='grc' dir='ltr'>ὅντως</span> <span class='ocrx_word' id='word_1_1059' title='bbox 2672 4701 2892 4771; x_wconf 78' lang='grc' dir='ltr'>ἀληθεῖς</span> <span class='ocrx_word' id='word_1_1060' title='bbox 2908 4700 3004 4753; x_wconf 75' lang='grc' dir='ltr'>καὶ</span> <span class='ocrx_word' id='word_1_1061' title='bbox 3032 4698 3376 4769; x_wconf 88' lang='grc' dir='ltr'>λαμπούσας,</span> <span class='ocrx_word' id='word_1_1062' title='bbox 3397 4696 3519 4749; x_wconf 78' lang='grc' dir='ltr'>οὐδὲ</span> <span class='ocrx_word' id='word_1_1063' title='bbox 3541 4696 3707 4747; x_wconf 83' lang='grc' dir='ltr'>ῐσασι·</span> 
     </span>
    </p>
   </div>
   <div class='ocr_carea' id='block_1_119' title="bbox 2042 4781 3712 4861">
    <p class='ocr_par' dir='ltr' id='par_1_119' title="bbox 2042 4781 3712 4861">
     <span class='ocr_line' id='line_1_120' title="bbox 2042 4781 3712 4861; baseline -0.01 -10"><span class='ocrx_word' id='word_1_1064' title='bbox 2042 4798 2137 4851; x_wconf 76' lang='grc' dir='ltr'>καὶ</span> <span class='ocrx_word' id='word_1_1065' title='bbox 2166 4796 2260 4851; x_wconf 75' lang='grc' dir='ltr'>ἐπὶ</span> <span class='ocrx_word' id='word_1_1066' title='bbox 2284 4792 2495 4847; x_wconf 86' lang='grc' dir='ltr'>πολλῶν</span> <span class='ocrx_word' id='word_1_1067' title='bbox 2529 4790 2731 4861; x_wconf 88' lang='grc' dir='ltr'>ἐτέρων</span> <span class='ocrx_word' id='word_1_1068' title='bbox 2752 4789 2814 4842; x_wconf 81' lang='grc' dir='ltr'>τὸ</span> <span class='ocrx_word' id='word_1_1069' title='bbox 2846 4788 2977 4843; x_wconf 79' lang='grc' dir='ltr'>αὐτὸ</span> <span class='ocrx_word' id='word_1_1070' title='bbox 3009 4787 3296 4856; x_wconf 84' lang='grc' dir='ltr'>πάσχουσι.</span> <span class='ocrx_word' id='word_1_1071' title='bbox 3327 4782 3500 4836; x_wconf 92' lang='grc' dir='ltr'>Τοῦτο</span> <span class='ocrx_word' id='word_1_1072' title='bbox 3524 4781 3712 4835; x_wconf 79' lang='grc' dir='ltr'>πολλοὶ</span> 
     </span>
    </p>
   </div>
   <div class='ocr_carea' id='block_1_120' title="bbox 2041 4870 3713 4951">
    <p class='ocr_par' dir='ltr' id='par_1_120' title="bbox 2041 4870 3713 4951">
     <span class='ocr_line' id='line_1_121' title="bbox 2041 4870 3713 4951; baseline -0.01 -12"><span class='ocrx_word' id='word_1_1073' title='bbox 2041 4885 2136 4939; x_wconf 77' lang='grc' dir='ltr'>καὶ</span> <span class='ocrx_word' id='word_1_1074' title='bbox 2163 4883 2272 4938; x_wconf 90' lang='grc' dir='ltr'>τῶν</span> <span class='ocrx_word' id='word_1_1075' title='bbox 2326 4879 2628 4951; x_wconf 86' lang='grc' dir='ltr'>ἀνθρώπων</span> <span class='ocrx_word' id='word_1_1076' title='bbox 2660 4875 2992 4946; x_wconf 81' lang='grc' dir='ltr'>ὑπομένουσι</span> <span class='ocrx_word' id='word_1_1077' title='bbox 3021 4874 3138 4927; x_wconf 91' lang='grc' dir='ltr'>νῦν.</span> <span class='ocrx_word' id='word_1_1078' title='bbox 3195 4873 3275 4925; x_wconf 83' lang='grc' dir='ltr'>Τά</span> <span class='ocrx_word' id='word_1_1079' title='bbox 3311 4872 3409 4943; x_wconf 79' lang='grc' dir='ltr'>μὲν</span> <span class='ocrx_word' id='word_1_1080' title='bbox 3442 4870 3552 4941; x_wconf 88' lang='grc' dir='ltr'>γὰρ</span> <span class='ocrx_word' id='word_1_1081' title='bbox 3600 4870 3713 4924; x_wconf 88' lang='grc' dir='ltr'>τῶν</span> 
     </span>
    </p>
   </div>
   <div class='ocr_carea' id='block_1_121' title="bbox 2040 4955 3712 5042">
    <p class='ocr_par' dir='ltr' id='par_1_121' title="bbox 2040 4955 3712 5042">
     <span class='ocr_line' id='line_1_122' title="bbox 2040 4955 3712 5042; baseline -0.009 -18"><span class='ocrx_word' id='word_1_1082' title='bbox 2040 4968 2287 5042; x_wconf 80' lang='grc' dir='ltr'>οὐρανῶν</span> <span class='ocrx_word' id='word_1_1083' title='bbox 2309 4967 2620 5027; x_wconf 89' lang='grc' dir='ltr'>ἀκούοντες,</span> <span class='ocrx_word' id='word_1_1084' title='bbox 2651 4963 2772 5016; x_wconf 83' lang='grc' dir='ltr'>οὐδέ</span> <span class='ocrx_word' id='word_1_1085' title='bbox 2798 4960 3123 5031; x_wconf 88' lang='grc' dir='ltr'>προσέχουσι</span> <span class='ocrx_word' id='word_1_1086' title='bbox 3145 4976 3158 4990; x_wconf 74' lang='grc' dir='ltr'><strong>ο</strong></span> <span class='ocrx_word' id='word_1_1087' title='bbox 3181 4958 3317 5030; x_wconf 85' lang='grc' dir='ltr'>πρὸς</span> <span class='ocrx_word' id='word_1_1088' title='bbox 3332 4957 3389 5010; x_wconf 92' lang='grc' dir='ltr'>δέ</span> <span class='ocrx_word' id='word_1_1089' title='bbox 3415 4956 3484 5011; x_wconf 85' lang='grc' dir='ltr'>τὰ</span> <span class='ocrx_word' id='word_1_1090' title='bbox 3509 4955 3712 5027; x_wconf 90' lang='grc' dir='ltr'>πήλινα</span> 
     </span>
    </p>
   </div>
   <div class='ocr_carea' id='block_1_122' title="bbox 2043 5043 3714 5127">
    <p class='ocr_par' dir='ltr' id='par_1_122' title="bbox 2043 5043 3714 5127">
     <span class='ocr_line' id='line_1_123' title="bbox 2043 5043 3714 5127; baseline -0.01 -13"><span class='ocrx_word' id='word_1_1091' title='bbox 2043 5060 2219 5113; x_wconf 89' lang='grc' dir='ltr'>πάντα</span> <span class='ocrx_word' id='word_1_1092' title='bbox 2252 5054 2449 5127; x_wconf 88' lang='grc' dir='ltr'>ὁμοίως</span> <span class='ocrx_word' id='word_1_1093' title='bbox 2468 5055 2580 5116; x_wconf 83' lang='grc' dir='ltr'>τοῖς</span> <span class='ocrx_word' id='word_1_1094' title='bbox 2610 5051 2795 5105; x_wconf 88' lang='grc' dir='ltr'>παισίν</span> <span class='ocrx_word' id='word_1_1095' title='bbox 2813 5051 2949 5102; x_wconf 76' lang='grc' dir='ltr'>εἰσιν</span> <span class='ocrx_word' id='word_1_1096' title='bbox 2978 5047 3329 5117; x_wconf 87' lang='grc' dir='ltr'>ἐπτοημένοι,</span> <span class='ocrx_word' id='word_1_1097' title='bbox 3363 5046 3459 5099; x_wconf 73' lang='grc' dir='ltr'>καὶ</span> <span class='ocrx_word' id='word_1_1098' title='bbox 3485 5045 3576 5098; x_wconf 82' lang='grc' dir='ltr'>τὸν</span> <span class='ocrx_word' id='word_1_1099' title='bbox 3603 5043 3714 5097; x_wconf 81' lang='grc' dir='ltr'>ἀπὺ</span> 
     </span>
    </p>
   </div>
   <div class='ocr_carea' id='block_1_123' title="bbox 2039 5131 3712 5220">
    <p class='ocr_par' dir='ltr' id='par_1_123' title="bbox 2039 5131 3712 5220">
     <span class='ocr_line' id='line_1_124' title="bbox 2039 5131 3712 5220; baseline -0.012 -18"><span class='ocrx_word' id='word_1_1100' title='bbox 2039 5151 2138 5220; x_wconf 82' lang='grc' dir='ltr'>τῆς</span> <span class='ocrx_word' id='word_1_1101' title='bbox 2170 5148 2271 5218; x_wconf 79' lang='grc' dir='ltr'>γῆς</span> <span class='ocrx_word' id='word_1_1102' title='bbox 2294 5142 2522 5198; x_wconf 88' lang='grc' dir='ltr'>πλοῦτον</span> <span class='ocrx_word' id='word_1_1103' title='bbox 2552 5140 2837 5211; x_wconf 83' lang='grc' dir='ltr'>τεθήπασι,</span> <span class='ocrx_word' id='word_1_1104' title='bbox 2880 5138 2972 5189; x_wconf 74' lang='grc' dir='ltr'>καὶ</span> <span class='ocrx_word' id='word_1_1105' title='bbox 3007 5135 3162 5199; x_wconf 79' lang='grc' dir='ltr'>δόξαν</span> <span class='ocrx_word' id='word_1_1106' title='bbox 3190 5134 3285 5188; x_wconf 74' lang='grc' dir='ltr'>καὶ</span> <span class='ocrx_word' id='word_1_1107' title='bbox 3311 5133 3524 5205; x_wconf 82' lang='grc' dir='ltr'>τρυφὴν</span> 
     </span>
    </p>
   </div>
   <div class='ocr_carea' id='block_1_124' title="bbox 2042 5218 3713 5307">
    <p class='ocr_par' dir='ltr' id='par_1_124' title="bbox 2042 5218 3713 5307">
     <span class='ocr_line' id='line_1_125' title="bbox 2042 5218 3713 5307; baseline -0.013 -16"><span class='ocrx_word' id='word_1_1108' title='bbox 2042 5218 2269 5307; x_wconf 86' lang='grc' dir='ltr'>παρόντι</span> <span class='ocrx_word' id='word_1_1109' title='bbox 2302 5234 2400 5304; x_wconf 85' lang='grc' dir='ltr'>βίῳ</span> <span class='ocrx_word' id='word_1_1110' title='bbox 2426 5231 2656 5301; x_wconf 88' lang='grc' dir='ltr'>τιμῶσι·</span> <span class='ocrx_word' id='word_1_1111' title='bbox 2687 5227 2864 5282; x_wconf 89' lang='grc' dir='ltr'>καίτοι</span> <span class='ocrx_word' id='word_1_1112' title='bbox 2892 5224 3032 5278; x_wconf 79' lang='grc' dir='ltr'>αὐτὰ</span> <span class='ocrx_word' id='word_1_1113' title='bbox 3075 5223 3172 5293; x_wconf 83' lang='grc' dir='ltr'>μὲν</span> <span class='ocrx_word' id='word_1_1114' title='bbox 3194 5223 3311 5276; x_wconf 74' lang='grc' dir='ltr'>ἔστι</span> <span class='ocrx_word' id='word_1_1115' title='bbox 3348 5219 3574 5274; x_wconf 85' lang='grc' dir='ltr'>παιδικὰ</span> <span class='ocrx_word' id='word_1_1116' title='bbox 3604 5218 3713 5272; x_wconf 82' lang='grc' dir='ltr'>ὧσ-</span> 
     </span>
    </p>
   </div>
   <div class='ocr_carea' id='block_1_125' title="bbox 2044 5306 3707 5395">
    <p class='ocr_par' dir='ltr' id='par_1_125' title="bbox 2044 5306 3707 5395">
     <span class='ocr_line' id='line_1_126' title="bbox 2044 5306 3707 5395; baseline -0.013 -17"><span class='ocrx_word' id='word_1_1117' title='bbox 2044 5306 2148 5395; x_wconf 91' lang='grc' dir='ltr'>περ</span> <span class='ocrx_word' id='word_1_1118' title='bbox 2165 5324 2349 5376; x_wconf 81' lang='grc' dir='ltr'>ἐκείνα</span> <span class='ocrx_word' id='word_1_1119' title='bbox 2369 5337 2382 5350; x_wconf 91' lang='grc'><strong>·</strong></span> <span class='ocrx_word' id='word_1_1120' title='bbox 2410 5320 2592 5372; x_wconf 86' lang='grc' dir='ltr'>ἐκεῖνα</span> <span class='ocrx_word' id='word_1_1121' title='bbox 2611 5316 2669 5370; x_wconf 85' lang='grc' dir='ltr'>δέ</span> <span class='ocrx_word' id='word_1_1122' title='bbox 2690 5314 2836 5384; x_wconf 81' lang='grc' dir='ltr'>ζωῆς</span> <span class='ocrx_word' id='word_1_1123' title='bbox 2862 5314 2957 5367; x_wconf 79' lang='grc' dir='ltr'>καὶ</span> <span class='ocrx_word' id='word_1_1124' title='bbox 2980 5310 3137 5380; x_wconf 82' lang='grc' dir='ltr'>δόξης</span> <span class='ocrx_word' id='word_1_1125' title='bbox 3158 5310 3252 5363; x_wconf 78' lang='grc' dir='ltr'>καὶ</span> <span class='ocrx_word' id='word_1_1126' title='bbox 3274 5308 3511 5369; x_wconf 82' lang='grc' dir='ltr'>ἀνέσεως</span> <span class='ocrx_word' id='word_1_1127' title='bbox 3535 5306 3707 5395; x_wconf 77' lang='grc' dir='ltr'>αἴτια.</span> 
     </span>
    </p>
   </div>
   <div class='ocr_carea' id='block_1_126' title="bbox 2055 5391 3712 5481">
    <p class='ocr_par' dir='ltr' id='par_1_126' title="bbox 2055 5391 3712 5481">
     <span class='ocr_line' id='line_1_127' title="bbox 2055 5391 3712 5481; baseline -0.013 -16"><span class='ocrx_word' id='word_1_1128' title='bbox 2055 5391 2193 5465; x_wconf 82' lang='grc' dir='ltr'>Ἀλλ’</span> <span class='ocrx_word' id='word_1_1129' title='bbox 2244 5407 2433 5481; x_wconf 81' lang='grc' dir='ltr'>ὥσπερ</span> <span class='ocrx_word' id='word_1_1130' title='bbox 2490 5406 2539 5458; x_wconf 84' lang='grc' dir='ltr'>οἰ</span> <span class='ocrx_word' id='word_1_1131' title='bbox 2589 5403 2778 5465; x_wconf 86' lang='grc' dir='ltr'>παῖδες</span> <span class='ocrx_word' id='word_1_1132' title='bbox 2837 5400 3042 5453; x_wconf 88' lang='grc' dir='ltr'>τούτων</span> <span class='ocrx_word' id='word_1_1133' title='bbox 3103 5398 3201 5468; x_wconf 84' lang='grc' dir='ltr'>μὲν</span> <span class='ocrx_word' id='word_1_1134' title='bbox 3248 5391 3712 5464; x_wconf 87' lang='grc' dir='ltr'>ἀποστερούμενοι</span> 
     </span>
    </p>
   </div>
   <div class='ocr_carea' id='block_1_127' title="bbox 2043 5482 3708 5559">
    <p class='ocr_par' dir='ltr' id='par_1_127' title="bbox 2043 5482 3708 5559">
     <span class='ocr_line' id='line_1_128' title="bbox 2043 5482 3708 5559; baseline -0.013 -5"><span class='ocrx_word' id='word_1_1135' title='bbox 2043 5501 2340 5558; x_wconf 88' lang='grc' dir='ltr'>κλαίουσιν,</span> <span class='ocrx_word' id='word_1_1136' title='bbox 2374 5495 2595 5550; x_wconf 89' lang='grc' dir='ltr'>ἐκείνων</span> <span class='ocrx_word' id='word_1_1137' title='bbox 2620 5493 2676 5546; x_wconf 83' lang='grc' dir='ltr'>δὲ</span> <span class='ocrx_word' id='word_1_1138' title='bbox 2706 5491 2828 5545; x_wconf 84' lang='grc' dir='ltr'>οὺδέ</span> <span class='ocrx_word' id='word_1_1139' title='bbox 2857 5488 3110 5559; x_wconf 87' lang='grc' dir='ltr'>γενέσθαι</span> <span class='ocrx_word' id='word_1_1140' title='bbox 3137 5488 3194 5539; x_wconf 90' lang='grc' dir='ltr'>ἐν</span> <span class='ocrx_word' id='word_1_1141' title='bbox 3218 5483 3484 5554; x_wconf 82' lang='grc' dir='ltr'>ἐπιθυμίᾳ</span> <span class='ocrx_word' id='word_1_1142' title='bbox 3508 5482 3708 5534; x_wconf 74' lang='grc' dir='ltr'>ἴσασιν·</span> 
     </span>
    </p>
   </div>
   <div class='ocr_carea' id='block_1_128' title="bbox 2043 5567 3711 5657">
    <p class='ocr_par' dir='ltr' id='par_1_128' title="bbox 2043 5567 3711 5657">
     <span class='ocr_line' id='line_1_129' title="bbox 2043 5567 3711 5657; baseline -0.012 -16"><span class='ocrx_word' id='word_1_1143' title='bbox 2043 5588 2186 5641; x_wconf 81' lang='grc' dir='ltr'>οὓτω</span> <span class='ocrx_word' id='word_1_1144' title='bbox 2212 5585 2277 5657; x_wconf 81' lang='grc' dir='ltr'>δὴ</span> <span class='ocrx_word' id='word_1_1145' title='bbox 2306 5584 2398 5637; x_wconf 80' lang='grc' dir='ltr'>καὶ</span> <span class='ocrx_word' id='word_1_1146' title='bbox 2444 5582 2555 5635; x_wconf 88' lang='grc' dir='ltr'>τῶν</span> <span class='ocrx_word' id='word_1_1147' title='bbox 2587 5579 2799 5650; x_wconf 87' lang='grc' dir='ltr'>ἀνδρῶν</span> <span class='ocrx_word' id='word_1_1148' title='bbox 2839 5573 2979 5631; x_wconf 82' lang='grc' dir='ltr'>εἶναι</span> <span class='ocrx_word' id='word_1_1149' title='bbox 3023 5573 3323 5628; x_wconf 88' lang='grc' dir='ltr'>δοκούντων</span> <span class='ocrx_word' id='word_1_1150' title='bbox 3354 5567 3560 5623; x_wconf 85' lang='grc' dir='ltr'>πολλοί.</span> <span class='ocrx_word' id='word_1_1151' title='bbox 3611 5567 3711 5621; x_wconf 80' lang='grc' dir='ltr'>Διά</span> 
     </span>
    </p>
   </div>
   <div class='ocr_carea' id='block_1_129' title="bbox 2044 5656 3712 5741">
    <p class='ocr_par' dir='ltr' id='par_1_129' title="bbox 2044 5656 3712 5741">
     <span class='ocr_line' id='line_1_130' title="bbox 2044 5656 3712 5741; baseline -0.013 -13"><span class='ocrx_word' id='word_1_1152' title='bbox 2044 5674 2201 5728; x_wconf 89' lang='grc' dir='ltr'>τοῦτό</span> <span class='ocrx_word' id='word_1_1153' title='bbox 2230 5656 2393 5741; x_wconf 84' lang='grc' dir='ltr'>φησι·</span> <span class='ocrx_word' id='word_1_1154' title='bbox 2436 5669 2533 5737; x_wconf 81' lang='grc' dir='ltr'>Μὴ</span> <span class='ocrx_word' id='word_1_1155' title='bbox 2564 5666 2771 5720; x_wconf 85' lang='grc' dir='ltr'>παιδία</span> <span class='ocrx_word' id='word_1_1156' title='bbox 2791 5664 3029 5735; x_wconf 74' lang='grc' dir='ltr'>γίνεσθε</span> <span class='ocrx_word' id='word_1_1157' title='bbox 3068 5660 3197 5726; x_wconf 85' lang='grc' dir='ltr'>ταῖς</span> <span class='ocrx_word' id='word_1_1158' title='bbox 3241 5657 3438 5728; x_wconf 74' lang='grc' dir='ltr'>φρεσί.</span> <span class='ocrx_word' id='word_1_1159' title='bbox 3475 5656 3712 5728; x_wconf 76' lang='grc' dir='ltr'>Χρημάο</span> 
     </span>
    </p>
   </div>
   <div class='ocr_carea' id='block_1_130' title="bbox 2045 5743 3709 5829">
    <p class='ocr_par' dir='ltr' id='par_1_130' title="bbox 2045 5743 3709 5829">
     <span class='ocr_line' id='line_1_131' title="bbox 2045 5743 3709 5829; baseline -0.012 -13"><span class='ocrx_word' id='word_1_1160' title='bbox 2045 5780 2151 5816; x_wconf 89' lang='grc' dir='ltr'>των</span> <span class='ocrx_word' id='word_1_1161' title='bbox 2179 5761 2327 5829; x_wconf 83' lang='grc' dir='ltr'>ἐρᾷς,</span> <span class='ocrx_word' id='word_1_1162' title='bbox 2352 5758 2473 5811; x_wconf 91' lang='grc' dir='ltr'>εἰπέ</span> <span class='ocrx_word' id='word_1_1163' title='bbox 2505 5773 2614 5827; x_wconf 89' lang='grc' dir='ltr'>μοι,</span> <span class='ocrx_word' id='word_1_1164' title='bbox 2648 5753 2743 5808; x_wconf 77' lang='grc' dir='ltr'>καὶ</span> <span class='ocrx_word' id='word_1_1165' title='bbox 2764 5754 2864 5805; x_wconf 79' lang='grc' dir='ltr'>οὐκ</span> <span class='ocrx_word' id='word_1_1166' title='bbox 2889 5752 3020 5823; x_wconf 80' lang='grc' dir='ltr'>ἐρᾷς</span> <span class='ocrx_word' id='word_1_1167' title='bbox 3044 5749 3275 5802; x_wconf 88' lang='grc' dir='ltr'>πλούτου</span> <span class='ocrx_word' id='word_1_1168' title='bbox 3301 5745 3395 5799; x_wconf 90' lang='grc' dir='ltr'>τοῦ</span> <span class='ocrx_word' id='word_1_1169' title='bbox 3435 5743 3709 5815; x_wconf 86' lang='grc' dir='ltr'>μένοντος,</span> 
     </span>
    </p>
   </div>
   <div class='ocr_carea' id='block_1_131' title="bbox 2048 5832 3713 5920">
    <p class='ocr_par' dir='ltr' id='par_1_131' title="bbox 2048 5832 3713 5920">
     <span class='ocr_line' id='line_1_132' title="bbox 2048 5832 3713 5920; baseline -0.012 -16"><span class='ocrx_word' id='word_1_1170' title='bbox 2048 5850 2183 5905; x_wconf 78' lang='grc' dir='ltr'>ἀλλὰ</span> <span class='ocrx_word' id='word_1_1171' title='bbox 2213 5846 2541 5920; x_wconf 78' lang='grc' dir='ltr'>ἀθυρμάτων</span> <span class='ocrx_word' id='word_1_1172' title='bbox 2573 5841 2872 5906; x_wconf 87' lang='grc' dir='ltr'>παιδικῶν;</span> <span class='ocrx_word' id='word_1_1173' title='bbox 2907 5837 3029 5895; x_wconf 73' lang='grc' dir='ltr'>εἶτα</span> <span class='ocrx_word' id='word_1_1174' title='bbox 3055 5838 3120 5893; x_wconf 88' lang='grc' dir='ltr'>ἂν</span> <span class='ocrx_word' id='word_1_1175' title='bbox 3166 5837 3263 5909; x_wconf 85' lang='grc' dir='ltr'>μέν</span> <span class='ocrx_word' id='word_1_1176' title='bbox 3290 5853 3409 5891; x_wconf 86' lang='grc' dir='ltr'>τινα</span> <span class='ocrx_word' id='word_1_1177' title='bbox 3435 5835 3550 5908; x_wconf 76' lang='grc' dir='ltr'>ῐδῃς</span> <span class='ocrx_word' id='word_1_1178' title='bbox 3580 5832 3713 5887; x_wconf 79' lang='grc' dir='ltr'>θαυ-</span> 
     </span>
    </p>
   </div>
   <div class='ocr_carea' id='block_1_132' title="bbox 2115 6032 2723 6097">
    <p class='ocr_par' dir='ltr' id='par_1_132' title="bbox 2115 6032 2723 6097">
     <span class='ocr_line' id='line_1_133' title="bbox 2115 6032 2723 6097; baseline -0.015 -11"><span class='ocrx_word' id='word_1_1179' title='bbox 2115 6035 2138 6076; x_wconf 65' lang='grc' dir='ltr'>ιῙ</span> <span class='ocrx_word' id='word_1_1180' title='bbox 2162 6036 2316 6086; x_wconf 68' lang='lat' dir='ltr'>MOX‘Cl</span> <span class='ocrx_word' id='word_1_1181' title='bbox 2456 6035 2531 6095; x_wconf 58' lang='grc' dir='ltr'>μὲν</span> <span class='ocrx_word' id='word_1_1182' title='bbox 2554 6033 2639 6093; x_wconf 63' lang='grc' dir='ltr'>γὰρ</span> 
     </span>
    </p>
   </div>
  </div>
