4126 6366
492 333 556 392 4ιᾶ
568 334 590 393 Ι

491 456 733 526 μάζοντα
778 454 1040 525 μολύϐδου
1093 453 1374 525 νόμισμα,
1415 454 1509 508 καὶ
1564 454 1987 508 κατακύπτοντα
2019 454 2161 507 ῶστε

489 541 794 603 ἀνελέσθαι,
820 542 915 595 καὶ
944 540 1268 612 καταγνὼσῃ
1294 541 1493 611 πολλὴν
1523 541 1689 593 αὐτοῦ
1712 542 1811 611 τὴν
1844 543 2034 593 πενίαν
2054 557 2068 571 ·
2097 542 2162 593 σὺ

488 629 545 682 δὲ
578 629 648 681 τὰ
694 628 895 682 τούτων
928 629 1285 699 εὐτελέστερα
1321 631 1587 696 συνάγων,
1640 630 1698 681 ἐν
1728 632 1840 691 τοῖς
1875 629 2163 683 πλουτοῦσι

490 717 685 770 σαυτὸν
706 730 731 755 ει
765 716 1051 785 ἀριθμεῖς;
1086 720 1180 770 καὶ
1212 717 1329 778 πῶς
1358 716 1424 770 ἂν
1458 717 1570 786 ἔχοι
1599 717 1756 769 τοῦτο
1790 718 1980 784 λόγον;

560 805 819 857 Πλούσιον
844 806 953 874 γὰρ
982 807 1186 857 ἐκεῖνον
1216 802 1355 859 εἶναι
1392 806 1660 875 φήσομεν,
1690 805 1783 858 τὸν
1810 806 2164 875 ὑπερορῶντα

485 892 595 945 τῶν
623 894 902 962 παρόντων
932 894 1204 946 ἁπάντων.
1239 893 1426 955 Οὐδεὶς
1463 893 1590 963 γὰρ,
1617 893 1793 956 οὐδεὶς
1814 892 1922 945 τῶν
1950 892 2163 964 μικρῶν

487 979 713 1038 τούτων,
744 979 988 1049 ἀργύρου
1020 981 1115 1033 καὶ
1138 980 1340 1051 χρυσοῦ
1390 980 1483 1033 καὶ
1514 981 1614 1050 τῆς
1663 980 1829 1051 ἄλλης
1861 981 2164 1049 φαντασίας

486 1068 773 1136 αἱρήσεται
803 1067 1193 1135 καταγελάσαι,
1226 1067 1292 1120 ἂν
1336 1068 1409 1137 μὴ
1440 1067 1551 1120 τῶν
1582 1068 1844 1138 μειζόνων
1874 1069 1965 1121 τὸν
2000 1068 2163 1122 πόθον

487 1153 605 1226 ἔχῃ,
643 1153 831 1223 ῶσπερ
882 1151 975 1207 οὖν
1006 1153 1127 1207 οὐδὲ
1168 1154 1262 1206 τοῦ
1295 1154 1609 1223 μολυϐδίνου
1646 1156 1673 1195 b
1702 1154 2057 1225 νομίσματος,
2095 1155 2161 1208 ἂν

488 1237 562 1307 μὴ
593 1238 769 1305 χρυσᾶ
790 1238 1099 1308 νομίσματα
1127 1239 1463 1308 κεκτημένος
1567 1240 1679 1291 Καὶ
1702 1240 1766 1291 σὺ
1799 1240 2001 1304 τοίνυν,
2033 1239 2162 1292 ὅταν

486 1323 603 1395 ἴδῃς
632 1324 916 1394 ἄνθρωπον
955 1325 1135 1378 πάντα
1161 1325 1254 1377 τὸν
1280 1326 1484 1395 κόσμον
1513 1326 1951 1396 παρατρέχοντα,
1986 1326 2159 1396 μηδα-

489 1410 650 1479 μόθεν
680 1410 903 1464 ἄλλοθεν
926 1411 1113 1481 νόμιζε
1140 1414 1298 1466 τοῦτο
1330 1416 1525 1476 ποιεῖν,
1559 1413 1593 1483 ἢ
1615 1413 1722 1466 ἀπὸ
1746 1412 1841 1466 τοῦ
1873 1414 2010 1483 πρὸς
2042 1412 2162 1483 μεί-

482 1496 611 1561 ζονα
640 1498 857 1567 βλέπειν
877 1499 1101 1570 κόσμον.
1130 1499 1288 1552 υῦτω
1320 1502 1414 1553 καὶ
1435 1500 1679 1572 γεωργὸς
1708 1500 1815 1554 τῶν
1838 1500 2032 1568 ὀλίγων
2058 1518 2161 1553 πυ-

483 1585 594 1654 ρῶν
628 1589 978 1657 καταφρονεῖ,
1017 1588 1144 1640 ὅταν
1182 1587 1403 1658 μείζονα
1428 1589 1778 1660 προσδοκήσῃ
1807 1589 1899 1640 τὸν
1924 1587 2155 1658 ἀμητόν.

482 1674 545 1726 Et
571 1673 627 1725 δέ
654 1674 849 1742 ἀδήλου
883 1676 984 1744 τῆς
1010 1675 1222 1738 ἐλπίδος
1246 1674 1433 1744 οὔσης,
1452 1676 1562 1729 τῶν
1594 1676 1763 1729 ὄντων
1784 1675 2157 1747 καταφρονοῦ-

484 1778 615 1831 μεν·
649 1761 827 1832 πολλῷ
860 1762 1063 1837 μᾶλλον
1098 1765 1191 1816 ἐπὶ
1230 1764 1329 1833 τῆς
1356 1764 1581 1833 βεϐαίας
1622 1766 1951 1834 προσδοκίας
1998 1764 2156 1818 τοῦτο

477 1847 561 1901 δεῖ
598 1850 789 1901 ποιεῖν.
821 1848 912 1901 Διὸ
941 1849 1005 1919 δὴ
1056 1849 1248 1919 δέομαι
1286 1852 1380 1902 καὶ
1435 1851 1763 1921 παρακαλῶ,
1796 1850 1871 1922 μὴ
1923 1851 2154 1923 ζημιοῦν

477 1934 724 2000 ἑαυτοὺς,
770 1935 905 2006 μηδὲ
936 1936 1194 2008 βόρϐορον
1222 1937 1549 2007 κατέχοντας
1578 1940 1899 2009 ἀποστερεῖν
1926 1939 2155 2001 ἐαυτούς

380 2060 395 2070 .
475 2021 587 2075 τῶν
620 2022 825 2075 ἄνωθεν
874 2022 1186 2094 θησαυρῶν,
1242 2025 1381 2094 μετά
1410 2025 1665 2095 καλάμης
1712 2028 1807 2088 καὶ
1853 2026 2058 2096 ἀχύρου
2090 2025 2153 2078 τὸ

478 2109 659 2161 πλοῖον
692 2110 771 2172 είς
810 2111 937 2173 τούς
968 2110 1196 2181 λιμένας
1216 2111 1468 2179 ἄγοντας.
1509 2116 1573 2165 Ὃ
1613 2112 1858 2182 βούλεταί
1880 2131 1962 2177 τις
1995 2112 2151 2181 λεγέ-

471 2211 552 2247 τω
580 2196 707 2266 περὶ
734 2196 911 2266 ἡμῶν,
944 2197 1346 2269 δυσχεραινέτω
1376 2200 1513 2271 πρὸς
1540 2200 1598 2252 τὸ
1621 2200 1845 2270 συνεχὲς
1873 2201 1975 2270 τῆς
2006 2218 2152 2271 παρ-

473 2283 734 2346 αινέσεως
756 2324 771 2345 ,
806 2285 1080 2354 φλυάρους
1122 2286 1353 2340 καλείτω
1378 2329 1393 2353 ,
1452 2292 1779 2359 προσκορεῖς
1802 2329 1817 2353 ,
1859 2289 2147 2359 ἐπαχθεῖς·

473 2373 575 2424 οὐκ
611 2374 1039 2442 ἀποστησόμεθα
1072 2375 1313 2444 συνεχῶς
1334 2376 1474 2447 ὑπὲρ
1504 2376 1684 2429 αὐτῶν
1733 2372 2149 2447 παραινοῦντες,

472 2464 568 2515 καὶ
592 2463 829 2532 συνεχῶς
850 2466 1024 2516 ἐκεῖνο
1046 2465 1108 2517 τὸ
1135 2465 1229 2518 τοῦ
1252 2468 1535 2538 προφήτου
1557 2466 1709 2539 [482]
1740 2469 1905 2520 πᾶσιν
1932 2468 2152 2536 ὐποφω-

472 2550 691 2612 νοῦντες
749 2552 911 2621 ὑμῖν·
952 2551 1069 2618 Τὰς
1100 2554 1390 2622 ἁμαρτίας
1436 2570 1553 2609 σου
1593 2556 1663 2608 ἐν
1710 2556 2151 2624 ἐλεημοσύναις

469 2638 796 2705 λύτρωσαι,
828 2640 924 2692 καί
954 2641 1062 2706 τὰς
1091 2642 1345 2711 ἀνομίας
1367 2659 1485 2696 σου
1512 2644 1583 2696 ἐν
1614 2643 1934 2713 οίκτιρμοῖς
1965 2644 2151 2713 πενή-

468 2740 611 2789 των,
636 2727 733 2779 καί
766 2725 1002 2795 ἀέραψαι
1034 2729 1222 2796 αὐτὰς
1252 2730 1351 2783 ἐπὶ
1386 2729 1478 2795 σῷ
1521 2730 1823 2799 τραχήλῳ.
1849 2730 1940 2802 Μὴ
1976 2733 2149 2803 σήμε-

475 2826 568 2881 ρον
596 2812 695 2881 μέν
724 2816 978 2886 ποιήσῃς,
1012 2815 1201 2885 αὔριον
1234 2816 1290 2870 δὲ
1320 2819 1583 2888 ἀποστῇς.
1627 2818 1736 2871 Καὶ
1764 2817 1873 2889 γὰρ
1902 2819 1964 2872 τὸ
1989 2820 2149 2890 σῶμα

469 2900 629 2952 τοῦτο
669 2903 1045 2975 καθημερινῆς
1063 2905 1234 2957 δεῖται
1258 2906 1483 2976 τροφῆς.
1514 2905 1670 2959 Οὕτω
1695 2908 1789 2960 καὶ
1815 2910 1848 2978 ἡ
1870 2907 2037 2979 ψυχὴ,
2056 2908 2150 2962 καὶ

470 2986 651 3058 πολλῷ
684 2990 881 3060 μᾶλλον
906 2991 1091 3061 ἐκείνη
1111 3006 1125 3021 ·
1152 2992 1257 3046 κᾶν
1283 2992 1358 3063 μὴ
1385 2993 1667 3066 καταϐάλῃ
1698 3006 1748 3059 ο,
1784 2994 2151 3065 ἀσθενεστέρα

522 3158 548 3227 ξ’
574 3147 748 3227 Μρτει.
769 3159 928 3227 αὐτόν.
994 3157 1023 3199 Β
1045 3160 1218 3227 Μοτοι.
1235 3161 1487 3222 μολύϐδου.
1501 3161 1989 3227 Plumbeihvpterum
2010 3177 2156 3212 num-

470 3220 538 3267 mi
563 3220 830 3269 eliamnum
872 3222 918 3268 in
956 3224 1138 3271 muscis
1161 3220 1435 3271 servantur.
1526 3226 1548 3253 ε
1576 3225 1658 3272 Sic
1684 3224 1804 3273 editi
1828 3231 1880 3273 et
1902 3239 2015 3273 mss.
2056 3239 2154 3274 uno

1286 333 1345 390 S.
1385 332 1673 389 JOANNIS
1711 333 2208 390 CHRYSOSTOMI
2249 334 2567 390 ARCHIEP.
2607 330 3160 392 CONSTANTINOP.

3831 332 3940 389 442

2265 456 2475 525 γίνεται
2509 456 2602 510 καὶ
2648 453 2996 525 αἱσχροτέρα.
3044 452 3137 522 Μὴ
3163 453 3227 521 δη
3257 450 3588 522 περιίδωμεν
3635 452 3942 523 ἀπολλυμέ-

2264 542 2752 613 νην,’ἀγχομένην.
2786 541 2964 595 Πολλὰ
3006 540 3275 610 λαμϐάνει
3304 539 3423 593 καθ’
3455 539 3695 608 ἑκάστην
3726 541 3939 611 ἡμέραν

2264 630 2575 700 τραύματα,
2606 629 2968 697 ἐπιθυμοῦσα,
3004 626 3360 698 ὀργιζομένη,
3393 627 3735 697 ῥᾳθυμοῦσα,
3769 627 3937 679 λοιδοσ

2267 718 2526 787 ρουμένη.
2559 717 2901 787 ἀμυνομένη,
2931 714 3319 785 βασκαίνουσα.
3354 716 3445 766 Δεῖ
3468 713 3646 766 τοίνυν
3671 716 3804 784 αὐτῇ
3840 715 3939 766 καὶ

2266 805 2531 876 φάρμακα
2551 802 3004 867 κατασκευάζειν.
3042 802 3115 855 Οὐ
3140 800 3337 873 μικρὸν
3357 801 3414 853 δὲ
3431 801 3491 854 τὸ
3519 802 3618 869 τῆς
3641 801 3939 871 ἐλεημοσύ-

2264 910 2362 963 νης
2389 893 2697 961 φάρμακον,
2724 892 2860 943 πᾶσι
2887 891 2998 952 τοῖς
3031 888 3339 959 τραύμασιν
3371 887 3685 957 ἐπιτεθῆναι
3710 888 3939 957 δυνάμε·

2264 996 2374 1034 νον.
2417 980 2561 1032 Δότε
2600 978 2710 1048 γάρ
2749 978 3197 1047 ἐλεημοσύνην,
3227 976 3381 1045 φησὶ,
3424 975 3524 1029 καί
3566 976 3765 1028 πάντα
3795 976 3938 1045 ὑμῖν

2262 1066 2435 1121 ἔσται
2459 1066 2713 1134 καθαρά·
2740 1062 3128 1135 ἐλεημοσύνην,
3156 1062 3229 1133 μὴ
3277 1061 3618 1126 πλεονεξίαν·
3640 1062 3711 1114 τὰ
3743 1063 3849 1133 γὰρ
3870 1064 3937 1116 ἐκ

2263 1154 2574 1220 πλεονεξίας
2597 1156 2657 1210 οὐ
2697 1155 2878 1223 μένει,
2916 1154 3021 1207 κᾶν
3057 1155 3171 1216 τοῖς
3202 1152 3477 1223 δεομένοις
3507 1151 3633 1220 δῷς.
3676 1151 3935 1222 Ἐλεημο-

2262 1244 2396 1314 σύνη
2431 1243 2560 1313 γὰρ,
2614 1244 2647 1312 ἡ
2688 1242 2869 1311 πάσης
2905 1239 3299 1310 ἀπηλλαγμένη
3327 1239 3541 1302 ἀδικίας
3574 1238 3725 1291 ἐστίν
3750 1255 3764 1268 ·
3792 1238 3932 1309 αῦτη

2262 1330 2443 1383 πάντα
2490 1330 2636 1380 ποιεῖ
2685 1326 2926 1396 καθαρά.
2962 1325 3133 1379 Τοῦτο
3172 1327 3267 1378 καὶ
3318 1325 3572 1394 νηστείας
3598 1324 3800 1394 βέλτιον
3836 1326 3932 1378 καὶ

2261 1415 2583 1487 χαμευνίας.
2608 1413 2800 1468 Καίτοι
2834 1431 2897 1483 γε
2922 1415 3106 1466 ἐκεῖνα
3140 1411 3521 1483 μοχθηρότερα
3549 1414 3641 1464 καὶ
3664 1412 3933 1465 ἐπιπονώ-

2258 1520 2412 1575 τερα,
2443 1503 2558 1556 ἀλλ’
2589 1502 2728 1573 αῦτη
2764 1500 3177 1573 κερδαλεωτέρα
3202 1517 3216 1531 ·
3255 1499 3477 1568 φωτίζει
3517 1500 3716 1569 ψυχὴν,
3752 1500 3926 1555 λιπαί-

2261 1608 2363 1656 νει,
2392 1590 2564 1662 καλὴν
2587 1590 2683 1643 καὶ
2722 1589 2935 1659 ὡραίαν
2962 1590 3122 1641 ποιεῖ.
3156 1588 3268 1657 Οὐχ
3294 1586 3437 1640 οὕτω
3478 1588 3604 1650 τούς
3649 1586 3883 1657 ἀθλητάς
3904 1589 3935 1641 ό

2259 1677 2358 1748 τῆς
2387 1677 2574 1741 ἐλαίας
2596 1676 2808 1748 καρπὸς
2832 1677 3037 1746 ἀνέχει,
3056 1675 3133 1738 ὡς
3159 1675 3285 1738 τούς
3308 1675 3616 1742 ἀγωνιστὰς
3647 1674 3747 1743 τῆς
3775 1676 3934 1727 εὐσε-

2256 1764 2411 1825 ϐείας
2428 1764 2579 1817 τουτὶ
2614 1764 2675 1816 τὸ
2698 1764 2875 1816 ἔλαιον
2901 1764 3221 1817 ἀνακτᾶται.
3271 1760 3606 1830 Ἀλείφωμεν
3632 1761 3805 1813 τοίνυν
3829 1761 3934 1823 τὰς

2254 1855 2466 1923 χεῖρας,
2500 1852 2590 1906 ἵνα
2633 1851 2772 1922 πρὸς
2800 1851 2889 1904 τὸν
2925 1850 3216 1904 ἀντίπαλον
3251 1850 3576 1919 ἀντάρωμεν
3626 1849 3824 1912 καλῶς.
3867 1848 3932 1903 ὐ

2258 1941 2498 2010 μελετῶν
2524 1940 2692 1993 ἐλεεῖν
2714 1940 2806 1993 τὸν
2826 1939 3097 2008 δεόμενον,
3120 1936 3331 2006 ταχέως
3346 1938 3441 1989 καὶ
3463 1936 3558 1989 τοῦ
3589 1935 3935 1989 πλεονεκτεῖν

2253 2027 2639 2097 ἀποστήσεται.
2677 2027 2735 2079 '0
2761 2024 3021 2078 διατελῶν
3051 2026 3109 2076 ἐν
3136 2022 3215 2092 τῷ
3246 2022 3446 2076 διδόναι
3476 2022 3691 2090 πένησι,
3721 2021 3933 2090 ταχέως

2242 2115 2349 2167 »καὶ
2371 2114 2541 2185 ὀργῆς
2573 2112 2945 2182 ἀποστήσεται
2972 2153 2986 2176 ,
3018 2110 3111 2164 καὶ
3153 2108 3274 2163 οὐδὲ
3319 2109 3460 2179 μέγα
3489 2110 3748 2180 φρονήσει
3775 2109 3928 2161 ποτέ.

2252 2201 2523 2271 Καθάπερ
2554 2200 2665 2271 γάρ
2715 2200 2843 2262 τοὺς
2873 2199 3445 2269 τετραυματισμένους
3496 2196 3732 2265 συνεχῶς
3766 2195 3931 2266 θερα-

2251 2289 2435 2342 πεύων
2464 2288 2665 2358 ἰατρὸς,
2697 2286 3043 2340 συστέλλεται
3070 2286 3287 2357 ῥαδίως,
3318 2287 3377 2338 ἐν
3410 2286 3533 2345 ταῖς
3561 2285 3765 2352 ἐτέρων
3797 2299 3859 2335 συ
3869 2301 3935 2352 μ-

2252 2379 2449 2448 φοραῖς
2469 2378 2568 2444 τὴν
2595 2374 2944 2445 ἀνθρωπίνην
2966 2373 3216 2445 καθορῶν
3242 2372 3402 2440 φύσιν
3428 2388 3441 2401 ·
3477 2370 3621 2424 οὕτω
3654 2371 3749 2422 καὶ
3770 2372 3933 2438 ἡμεῖς

2251 2464 2345 2516 ἐὰν
2368 2466 2487 2527 ταῖς
2514 2460 2542 2500 ἀ
2564 2462 2675 2515 τῶν
2708 2465 2957 2531 πενήτων
2988 2462 3314 2513 συνεισέλθω
3328 2477 3426 2530 μεν
3453 2459 3814 2528 ἐπικουρίαις,
3839 2474 3932 2525 φιο

2251 2552 2626 2623 λοσοφήσομεν
2663 2549 2901 2611 εὐκόλως
2926 2589 2941 2613 ,
2995 2550 3090 2603 καὶ
3118 2548 3179 2601 οὐ
3232 2545 3631 2618 θαυμασόμεθα
3677 2543 3931 2607 πλοῦτον,

2250 2639 2370 2693 οὐδὲ
2400 2641 2544 2709 μέγα
2570 2656 2623 2691 τι
2648 2638 2718 2690 τά
2746 2637 2990 2709 παρόντα
3022 2634 3361 2707 ἡγησόμεθα,
3414 2632 3549 2687 ἀλλὰ
3583 2632 3930 2701 καταφρονή-

2251 2744 2419 2797 σομεν
2454 2727 2691 2789 πάντων,
2727 2726 2823 2779 καὶ
2864 2725 3148 2796 μετάρσιοι
3170 2724 3455 2793 γενόμενοι
3484 2722 3620 2792 πρὸς
3646 2720 3735 2773 τὸν
3764 2720 3933 2789 οὐρα-

2248 2814 2357 2878 νὸν,
2389 2814 2627 2876 εὐκόλως
2659 2812 3060 2883 ἐπιτευξόμεθα
3079 2812 3187 2866 τῶν
3204 2809 3439 2865 αἰωνίων
3460 2808 3703 2877 ἀγαθῶν,
3738 2808 3927 2877 χάριτι

2248 2902 2342 2955 καὶ
2364 2901 2746 2972 φιλανθρωπίᾳ
2766 2900 2860 2953 τοῦ
2892 2900 3098 2971 Κυρίου
3126 2898 3283 2970 ἡμῶν
3312 2897 3486 2969 Ἰησοῦ
3516 2896 3772 2967 Χριστοῦ,
3807 2895 3931 2965 μεθ’

2237 2982 2299 3043 οὐ
2336 2989 2413 3057 τῷ
2459 2989 2635 3060 Πατρὶ
2667 2990 2701 3059 ὴ
2747 2985 2892 3052 δόξα,
2932 2986 3050 3057 ἅμα
3087 2985 3167 3058 τῷ
3198 2984 3338 3057 ἁγίῳ
3368 2984 3666 3054 Πνεύματι,
3693 2983 3769 3046 είς
3795 2983 3926 3043 τούς

2245 3075 2447 3140 αἰῶνας
2470 3077 2579 3129 τῶν
2609 3076 2845 3130 αἰώνων.
2889 3074 3083 3146 ⁹Δμήν.

2248 3228 2437 3285 agitur;
2473 3225 2612 3274 cibus
2636 3231 2802 3273 autem
2834 3226 3025 3283 animae,
3049 3224 3112 3273 de
3136 3238 3236 3286 quo
3264 3226 3445 3284 agitur,
3483 3229 3561 3272 est
3590 3232 3928 3286 e.qemaqy_pq:

471 3284 795 3350 gxceplq,qu‘i
817 3283 1466 3350 habegxpna).a}631._Uu-aque
1492 3298 1608 3350 τίοι-ο
1632 3288 1780 3334 lectio
1803 3287 2044 3347 quadrare
2065 3300 2148 3349 po-

2252 3280 2445 3336 libisiué
2468 3291 2739 3350 legendum,
2759 3280 3036 3349 suspicatus
3059 3294 3139 3336 est
3155 3280 3246 3335 κᾶν
3271 3280 3333 3349 μή
3360 3280 3621 3349 μεταλάϐῃ.
3663 3283 3763 3333 Nos
3803 3280 3932 3331 nihil

471 3346 604 3413 ιςειε
630 3345 717 3413 κᾶν
730 3345 791 3403 μή
814 3343 1207 3413 καταϐάλῃηηὶεξ
1221 3343 1444 3413 deponat,
1466 3345 1562 3413 nisi
1582 3354 1744 3408 eroget
1764 3343 2112 3413 eléemosynah:
2137 3361 2157 3398 :

468 3404 557 3451 κᾶν
600 3405 663 3465 μὴ
697 3406 962 3467 καταλάϐῃ,
1002 3404 1097 3455 nisi
1134 3404 1294 3456 cibum
1329 3406 1569 3471 accipiat;
1601 3404 1713 3456 ιιοῶ
1749 3414 1814 3457 de
1853 3404 1993 3459 cibo"
2007 3424 2155 3472 supra

2249 3351 2537 3397 mutandum
2573 3349 2877 3398 censuimus.

2316 3409 2343 3448 ά
2372 3412 2471 3460 Alii
2493 3413 2573 3460 ἐὰν
2597 3412 2645 3461 ἐν
2668 3411 2788 3468 ταῖς.

2021 3629 2271 3682 ΟΜΙΛΙΑ
2317 3628 2446 3683 ΠΒ¹.

449 3795 456 3812 ι
479 3744 630 3812 Ἐγὼ
652 3744 883 3797 δέδωκα
902 3741 1109 3809 αὐτοῖς
1154 3742 1262 3812 τὸν
1288 3744 1477 3812 λόγον
1502 3759 1621 3797 σου
1645 3782 1659 3804 ,
1703 3743 1804 3796 καὶ
1845 3745 1879 3797 ό
1913 3745 2143 3812 κόσμος

449 3795 454 3806 ,
482 3762 543 3800 ’Δι’
652 3762 883 3797 οεοωκα
902 3762 1109 3809 αυτοις
1154 3762 1262 3796 τον¹
1288 3762 1477 3812 ,λογον
1502 3762 1621 3797 σου
1645 3782 1659 3804 ,
1703 3762 1804 3796 και
1845 3762 1878 3797 ο
1913 3762 2141 3812 κοσμος

448 3807 457 3819 ”
536 3762 832 3883 ἐμίσησεν
863 3814 1105 3878 αὐτοὺς,
1140 3811 1237 3883 ,ὅτι
1266 3815 1376 3865 οὐκ
1418 3813 1576 3866 είσὶν
1612 3813 1682 3866 ἐκ
1728 3813 1835 3868 τοῦ
1884 3815 2141 3882 κόσμου,

535 3882 730 3951 καθὼς
753 3883 868 3953 ἐγὼ
898 3885 1010 3937 οὐκ
1036 3882 1152 3952 εἰμὶ
1174 3883 1243 3935 ἐκ
1270 3883 1377 3936 τοῦ
1405 3884 1663 3953 κόσμου.

535 4010 605 4059 α’.
637 4003 809 4056 Ὅταν
835 4001 1083 4071 ὲνάρετοι
1138 4000 1420 4071 γενόμενοι
1466 4000 1795 4072 διωκώμεθα
1845 4002 1996 4074 παρὰ
2034 4002 2144 4057 τῶν

465 4087 740 4158 πονηρῶν,
770 4087 866 4139 καὶ
907 4088 1005 4156 τῆς
1042 4085 1243 4155 ἀρετῆς
1280 4086 1557 4155 ἐφιέμενοι
1588 4086 1981 4157 χλευαζώμεθα
2012 4089 2145 4159 παρ’

464 4174 710 4237 ἐκείνων,
745 4173 822 4243 μὴ
850 4173 1130 4243 ἀλύωμεν,
1163 4173 1298 4242 μηδέ
1350 4171 1816 4243 δυσχεραίνωμεν.
1872 4173 2144 4245 Τοιαύτην

463 4261 574 4331 γὰρ
605 4260 667 4312 τὸ
701 4262 933 4331 πρᾶγμα
971 4260 1068 4329 τὴν
1098 4258 1261 4329 φύσιν
1308 4258 1465 4329 ἐχει,“
1499 4261 1595 4314 καὶ
1644 4260 1925 4331 πανταχοῦ
1987 4264 2144 4330 μῖσος

461 4348 623 4402 εἴωθε
652 4348 857 4401 τίκτειν
889 4349 921 4418 ἡ
974 4348 1142 4418 ἀρετὴ
1183 4346 1337 4416 παρά
1360 4350 1484 4410 ’τοῖς
1517 4350 1794 4419 πονηροῖς.
1817 4348 2145 4413 Φθονοῦντες

462 4437 571 4508 γὰρ
593 4438 705 4500 τοῖς
733 4435 990 4498 ἐπιεικῶς
1024 4434 1173 4505 βιοῦν
1198 4433 1565 4505 βουλομένοις,
1601 4434 1695 4489 καὶ
1714 4435 1953 4506 οἰόμενοι
1989 4435 2140 4509 [485]

461 4522 907 4594 παρασκευάζειν
928 4525 1139 4587 ἐαυτοῖς
1157 4522 1473 4590 ἀπολογίαν,
1499 4524 1594 4576 ἐὰν
1623 4523 1721 4595 τὴν
1752 4524 1958 4595 ἐτέρων
1983 4525 2143 4589 δόξαν

463 4610 836 4675 καταϐάλωσι,
873 4609 1093 4680 μισοῦσί
1140 4627 1200 4662 τε
1242 4609 1317 4672 ὡς
1342 4610 1413 4662 τὰ
1445 4610 1663 4663 ἐναντία
1699 4612 2017 4681 μετιόντας,
2049 4612 2144 4665 καὶ

464 4697 642 4751 πάντα
673 4699 1007 4769 πράττουσιν
1045 4698 1185 4769 ὑπὲρ
1222 4696 1318 4751 τοῦ
1353 4697 1738 4767 καταισχύνειν
1766 4698 1857 4751 τὸν
1900 4698 2013 4769 βίον
2048 4699 2142 4753 τὸν

460 4785 707 4840 ἐκείνων.
735 4786 899 4839 Ἀλλὰ
924 4786 999 4856 μὴ
1025 4785 1282 4856 ἀλγῶμεν
1305 4803 1318 4817 ·
1340 4784 1499 4837 τοῦτο
1522 4786 1629 4856 γὰρ
1654 4786 1858 4857 ἀρετῆς
1891 4788 2139 4858 σημεῖον.

463 4874 563 4925 Διά
591 4872 748 4925 τοῦτο
777 4875 871 4926 καὶ
900 4876 928 4926 ὁ
957 4875 1190 4944 Χριστός
1223 4891 1386 4943 φησιν
1404 4891 1417 4905 ·
1444 4877 1513 4928 El
1535 4874 1603 4927 ἐκ
1625 4874 1732 4929 τοῦ
1757 4877 1991 4944 κόσμου
2010 4872 2139 4947 ἦτε,

461 4963 495 5014 ό
521 4962 751 5031 κόσμος
777 4961 853 5015 ἂν
876 4963 943 5015 τὸ
966 4961 1121 5015 ἴδιον
1144 4963 1336 5031 ἐφίλει
1355 4978 1371 4994 ·
1400 4964 1493 5015 καὶ
1514 4962 1746 5033 ἀλλαχοῦ
1774 4964 1956 5031 πάλιν,
1991 4965 2137 5019 Οὐαὶ

456 5050 621 5119 ὑμῖν,
649 5050 799 5104 ὅταν
829 5050 1029 5116 καλῶς
1051 5049 1207 5120 ὑμᾶς
1233 5050 1447 5104 εἴπωσι
1477 5050 1700 5116 πάντες
1726 5054 1780 5105 οἱ
1815 5052 2133 5119 ἅνθρωποι.

457 5142 559 5196 Διά
584 5143 743 5195 τοῦτο
782 5142 877 5195 καὶ
924 5142 1160 5195 ἐνταῦθά
1202 5159 1369 5212 φησι·
1403 5144 1515 5196 Τὸν
1530 5145 1717 5213 λόγον
1744 5157 1861 5197 σου
1903 5142 2136 5198 δέδωκα

457 5230 799 5297 αὐτοῖς,καί
824 5232 857 5282 ό
890 5230 1118 5298 κόσμος
1137 5230 1436 5300 ἐμίσησεν
1480 5232 1721 5297 αὐτούς.
1775 5231 1945 5285 Πάλιν
1984 5232 2134 5298 λέγει

455 5320 557 5389 τὴν
586 5319 788 5381 αἰτίαν,
837 5317 904 5370 δι’
936 5319 1003 5389 ἢν
1024 5316 1165 5382 ἄξιοί
1217 5320 1323 5371 είσι
1350 5319 1552 5389 πολλῆς
1582 5320 1733 5393 παρὰ
1780 5318 1873 5373 τοῦ
1919 5319 2133 5387 Πατρδς

456 5408 775 5477 ἐπιμελείας
802 5410 1005 5475 τυχεῖν.
1039 5408 1137 5461 Διά
1174 5408 1284 5479 γὰρ
1315 5409 1375 5461 σὲ.
1423 5408 1793 5479 ἐμισήθησαν,
1849 5409 2006 5478 φησὶ,
2040 5408 2135 5462 καὶ

453 5495 548 5546 τὸν
580 5495 735 5563 λόγον
768 5496 857 5549 τὸν
892 5498 982 5550 σόν
1001 5513 1015 5526 ·
1051 5496 1192 5549 ὥστε
1218 5497 1416 5549 δίκαιοι
1444 5497 1624 5567 πάσης
1656 5498 1723 5550 ἂν
1754 5492 1863 5550 εἷεν
1889 5496 2131 5550 ἀπολαῦ-

458 5598 549 5633 σαι
582 5583 858 5652 προνοίας.
887 5587 1009 5638 Οὐκ
1035 5584 1229 5651 ἐρωτῶ
1253 5585 1352 5637 ἵνα
1378 5586 1528 5653 ἄρῃς
1555 5586 1780 5652 αὐτοὺς
1811 5586 1879 5638 ἐκ
1901 5584 2008 5639 τοῦ
2035 5586 2136 5638 κό-

455 5683 636 5733 σμου,
654 5669 793 5721 ἀλλ’
823 5670 922 5723 ἵνα
942 5670 1212 5739 τηρήσῃς
1232 5672 1454 5738 αὐτοὺς
1473 5674 1542 5725 ἐκ
1571 5673 1679 5726 τοῦ
1707 5672 1995 5739 πονηροῦ.
2022 5672 2135 5725 Πά-

456 5752 539 5803 λιν
575 5754 858 5823 σαφηνίζει
889 5757 981 5808 τὸν
1011 5758 1188 5824 λόγον,
1236 5759 1398 5813 πάλιν
1438 5762 1760 5832 τρανότερον
1802 5760 2127 5830 ἐργάζεται·

456 5839 593 5907 ὅπερ
615 5842 764 5893 οὐδὲν
782 5842 909 5895 ἄλλο
930 5845 1075 5897 ἐστὶν
1100 5844 1578 5916 ἐνδεικνυμένου,ἧ
1605 5849 1688 5900 ὅτι
1718 5849 1917 5901 πολλὴν
1946 5848 2127 5900 αὐτῶν

458 5927 690 5981 ποιεῖται
738 5929 1063 6001 κηδεμονίαν
1086 5973 1099 6000 ,
1135 5933 1212 6006 τῷ
1245 5934 1383 6006 μετά
1405 5937 1691 6008 ἀκριϐείας
1717 5939 1988 5993 ποιεῖσθαι
2029 5937 2131 6010 τὴν

2246 3742 2386 3813 ὑπὲρ
2409 3742 2588 3795 αὐτῶν
2610 3742 2973 3814 παράκλησιν.
2993 3742 3103 3798 Καὶ
3123 3742 3230 3814 μὴν
3244 3740 3407 3806 αὐτὸς
3428 3740 3631 3812 ἔλεγεν,
3647 3744 3727 3798 ὅτι
3744 3747 3929 3803 πάντα

2244 3833 2463 3901 ποιήσει
2498 3832 2527 3884 ὁ
2559 3832 2771 3901 Πατὴρ,
2813 3832 2913 3884 ὅσα
2942 3831 3009 3885 ἂν
3039 3831 3305 3903 αἰτήσωσι
3341 3843 3390 3885 ιι.
3415 3829 3540 3894 Πῶς
3569 3828 3662 3885 οὖν
3691 3834 3928 3887 ἐνταῦθα

2243 3918 2408 3982 αὐτὸς
2432 3918 2571 3989 ὑπὲρ
2590 3918 2768 3970 αὐτῶν
2790 3918 3127 3990 παρακαλεῖ;
3160 3918 3327 3971 Οὐδὲν
3354 3917 3501 3980 ἄλλο,
3541 3918 3678 3991 ὅπερ
3705 3919 3861 3990 ἔφην,
3886 3922 3923 3988 ἢ

2242 4003 2340 4074 τὴν
2371 4004 2591 4075 ἀγάπην
2620 4005 3044 4075 ἐνδεικνύμενος.
3079 4004 3180 4059 Ἐκ
3213 4005 3319 4059 τοῦ
3349 4004 3588 4073 κόσμου
3621 4009 3732 4060 οὐκ
3778 4008 3923 4072 εἰσὶ,

2243 4091 2440 4157 καθὼς
2462 4092 2577 4160 ἐγὼ
2605 4094 2719 4145 οὐκ
2747 4094 2863 4161 είμί
2887 4092 2956 4145 ἐκ
2988 4092 3095 4146 τοῦ
3117 4093 3373 4160 κόσμου.
3406 4092 3531 4155 Πῶς
3569 4088 3662 4145 οὖν
3688 4093 3926 4163 ἀλλαχοῦ

2244 4192 2431 4246 φησιν,
2460 4175 2578 4241 Οὓς
2597 4175 2823 4242 ἔδωκάς
2836 4193 2939 4244 μοι
2954 4177 3023 4229 ἐκ
3045 4175 3153 4229 τοῦ
3174 4176 3427 4243 κόσμου,
3446 4177 3543 4229 σοί
3564 4172 3757 4246 ἦσαν;
3776 4177 3929 4230 Ἐκεῖ

2247 4266 2345 4334 μὲν
2383 4263 2481 4334 τὴν
2529 4264 2691 4331 φύσιν
2742 4263 2918 4331 λέγων
2941 4304 2957 4327 ,
3008 4263 3241 4317 ἐνταῦθα
3273 4263 3331 4316 δὲ
3364 4265 3493 4335 περὶ⁵
3538 4264 3790 4335 πράξεων
3822 4281 3918 4317 ποι

2243 4350 2446 4422 νηρῶν.
2485 4352 2594 4404 Καὶ
2629 4350 2840 4422 μακρὸν
2869 4349 3049 4403 αὐτῶν
3078 4350 3387 4421 συντίθησιν
3428 4348 3731 4420 ἐγκώμιον·
3771 4351 3928 4420 πρῶ-

2242 4456 2354 4502 τον,
2382 4439 2465 4492 ὅτι
2491 4439 2592 4491 οὐκ
2620 4440 2757 4491 εἰσὶν
2787 4439 2852 4491 ἐκ
2876 4436 2969 4490 τοῦ
2998 4438 3201 4507 κόσμου
3221 4454 3236 4469 ·
3272 4434 3409 4501 εἷτα,
3430 4437 3511 4490 ὅτι
3534 4437 3695 4500 αὐτὸς
3724 4438 3926 4501 αὐτοὺς

2243 4525 2435 4590 ἔδωκε,
2484 4525 2579 4579 καὶ
2621 4526 2704 4578 ὅτι
2743 4525 2835 4579 τὸν
2877 4524 3035 4593 λόγον
3065 4524 3230 4578 αὐτοῦ
3262 4526 3557 4596 ἐτήρησαν,
3592 4526 3685 4579 καὶ
3724 4526 3806 4578 ὅτι
3834 4524 3928 4578 διὰ

2241 4612 2399 4666 τοῦτο
2431 4613 2733 4684 μισοῦνται.
2769 4614 2831 4665 Et
2870 4612 2928 4665 δὲ
2955 4612 3124 4681 λέγει,
3162 4612 3368 4678 Καθὼς
3400 4611 3516 4681 ἐγὼ
3557 4615 3668 4667 οὐκ
3702 4611 3821 4681 εἰμί
3852 4612 3925 4664 ἐκ

2242 4701 2350 4756 τοῦ
2384 4703 2637 4771 κόσμου,
2676 4701 2750 4772 μὴ
2795 4701 3119 4773 θορυϐηθῇς.
3167 4701 3240 4754 Τὸ
3269 4701 3400 4771 γὰρ,
3426 4700 3656 4767 Καθὼς,
3687 4699 3925 4754 ἐνταῦθα

2241 4791 2340 4843 οὐκ
2374 4790 2519 4843 ἔστιν
2567 4789 2986 4861 ἀπαραλλάκτου
3018 4788 3326 4859 ἀκριϐείας.
3367 4788 3579 4859 ’Ὠσπερ
3610 4788 3738 4859 γάρ,
3786 4788 3927 4842 ὅταν

2242 4880 2331 4933 ἐπ’
2360 4879 2524 4933 αὐτοῦ
2558 4881 2649 4932 καὶ
2675 4879 2770 4933 τοῦ
2808 4879 3019 4950 Πατρὸς
3052 4878 3274 4949 λέγηται
3311 4877 3390 4939 τὸ,
3422 4877 3658 4943 Καθὼς,
3682 4875 3852 4947 πολλὴ
3880 4879 3915 4945 ὴ

2248 4967 2429 5037 ἰσότης
2459 4967 2548 5021 διά
2573 4966 2672 5039 τὴν
2700 4968 2798 5037 τῆς
2830 4966 3043 5037 φύσεως
3074 4966 3392 5035 συγγένειαν
3411 4983 3425 4995 ·
3465 4964 3637 5029 οὕτως
3665 4966 3792 5018 ὅταν
3834 4965 3922 5031 ἐφ’

2242 5055 2401 5125 ήμῶν
2419 5055 2513 5108 καὶ
2539 5053 2701 5108 αὐτοῦ
2735 5054 2983 5126 λέγηται,
3011 5053 3144 5107 πολύ
3174 5054 3236 5107 τὸ
3267 5054 3429 5123 μέσον
3460 5053 3547 5105 διὰ
3567 5053 3627 5105 τὸ
3656 5054 3752 5105 καὶ
3784 5052 3921 5104 πολὺ

2241 5139 2382 5196 εἶναι
2418 5143 2478 5196 τὸ
2513 5143 2678 5214 μέσον
2726 5144 2821 5196 καὶ
2865 5143 3091 5213 ἄπειρον
3127 5141 3392 5212 ἑκατέρας
3436 5140 3535 5210 τῆς
3584 5139 3819 5209 φύσεως.
3855 5140 3922 5191 Εἰ

2239 5230 2348 5305 γάρ
2390 5232 2705 5302 Ἀμαρτίαγ
2740 5233 2853 5285 οὐκ
2877 5231 3168 5297 ἐποίησεν
3202 5230 3405 5293 αὐτὸς,
3438 5228 3581 5281 οὐδὲ
3620 5228 3802 5292 δόλος
3826 5243 3923 5292 τις

2237 5317 2448 5387 εὑρέθη
2477 5320 2548 5372 ἐν
2574 5318 2651 5384 τῷ
2672 5320 2923 5387 στόματι
2952 5317 3157 5381 αὐτοῦ,
3193 5316 3305 5380 πῶς
3340 5315 3574 5370 δύναιντ’
3602 5314 3669 5368 ἂν
3697 5316 3747 5367 οί
3774 5314 3917 5367 ἀπό-

2241 5405 2419 5459 στολοι
2451 5405 2811 5477 παρισοῦσθαι
2863 5403 3052 5475 αὐτῷ;
3088 5404 3153 5458 Τί
3198 5400 3289 5458 οὖν
3333 5406 3476 5457 ἐστιν
3513 5404 3541 5456 ὃ
3580 5420 3765 5472 φησιν,
3813 5402 3921 5454 Ἐκ

2236 5495 2345 5550 τοῦ
2376 5495 2609 5563 κόσμου
2638 5497 2749 5547 οὐκ
2771 5494 2924 5557 είσί;
2947 5493 3092 5564 Πρὸς
3120 5492 3304 5563 ἕτερον
3327 5491 3545 5562 ὁρῶσιν,
3563 5490 3712 5543 οὐδὲν
3732 5490 3917 5550 κοινρν

2236 5600 2289 5635 τι
2318 5582 2454 5653 πρὸς
2484 5580 2584 5653 τὴν
2615 5582 2720 5650 γῆν
2750 5583 2896 5634 ἐστιν
2927 5582 3131 5645 αὐτοῖς,
3164 5580 3297 5634 ἀλλὰ
3311 5579 3421 5633 τῶν
3445 5578 3714 5650 οὐρανῶν,
3751 5576 3915 5644 γεγὸ-

2236 5688 2362 5724 νασι
2398 5670 2632 5723 πολῖται.
2666 5671 2778 5723 Καὶ
2810 5673 2875 5723 ἐκ
2907 5670 3113 5723 τούτων
3156 5670 3213 5722 δέ
3234 5669 3331 5741 τὴν
3364 5668 3585 5737 ἀγάπην
3617 5664 3779 5718 αὐτοῦ
3805 5663 3911 5715 δεί-

2234 5774 2442 5821 κνυσιν,
2474 5757 2603 5810 ὅταν
2633 5757 2769 5827 πρὸς
2790 5757 2880 5810 τὸν
2922 5758 3145 5827 Πατέρα
3172 5757 3370 5819 αὐτοὺς
3418 5750 3759 5824 ἐγκωμιάζῃ,
3813 5752 3911 5802 καὶ

2233 5843 2596 5914 παρατιθῆται
2623 5844 2702 5914 τῷ
2731 5845 3096 5914 γεγεννηκότι.
3130 5844 3312 5900 Εἰπὼν
3353 5844 3434 5912 δὲ,
3494 5842 3766 5912 Τήρησον
3796 5841 3907 5893 αὐ-

2230 5985 2251 6029 τ
2298 5950 2324 5981 ⁸
2345 5949 2446 6003 Alii
2478 5951 2503 5998 6
2524 5950 2690 6013 Πατὴρ
2706 5950 2825 6013 ἅπερ
2851 5950 3106 6009 αἰτήσωσ..
