4126 6366
363 348 455 402 LII

362 460 464 514 alia
506 465 685 513 autem
724 470 852 511 vere
893 462 1016 509 sunt
1054 453 1176 507 vitae
1196 494 1211 515 ,
1242 453 1426 523 gloria:
1458 461 1512 508 et
1544 452 1735 521 quietis
1762 466 1944 506 causa.

364 550 562 605 Verum
593 549 730 603 sicut
755 546 902 616 pueri
933 546 1017 600 his
1042 545 1229 615 privati
1256 544 1405 611 ﬂent,
1438 545 1525 598 illa
1552 559 1680 599 vero
1707 558 1775 598 ne
1799 543 1945 598 desi-

361 642 552 696 derare
579 638 797 709 quidem
824 638 997 692 sciunt
1026 653 1040 693 :
1070 638 1140 690 ita
1165 651 1225 693 se
1254 636 1451 690 habent
1473 636 1623 690 multi
1647 637 1735 706 qui
1762 635 1947 690 viden-

364 740 453 785 tur
495 746 615 785 esse
662 729 782 785 viri.
828 728 951 784 Ideo
987 727 1062 782 ait
1093 745 1105 781 :
1136 726 1310 782 Nolite
1345 728 1490 798 pueri
1534 743 1639 781 esse
1678 728 1944 784 mentibus.

326 852 329 855 ι
361 822 625 878 Pecunias
646 862 663 887 ,
690 836 872 891 quaeso
902 831 953 876 te
976 860 991 886 ,
1023 836 1172 875 amas
1194 860 1210 887 ,
1243 836 1343 876 nec
1382 831 1686 885 manentes,
1723 820 1818 876 sed
1858 821 1946 876 illa

362 913 586 983 puerilia
616 913 937 981 crepundia?
976 913 1100 968 hinc
1140 913 1187 968 si
1223 914 1421 968 videris
1448 915 1748 983 quempiam
1788 928 1945 967 num-

366 1021 513 1059 mum
539 1004 844 1074 plumbeum
869 1004 1171 1069 mirantem,
1198 1014 1251 1059 et
1279 1018 1396 1060 sese
1419 1004 1484 1058 ad
1512 1005 1662 1058 illum
1691 1004 1949 1073 colligen-

362 1096 489 1151 dum
512 1095 871 1161 inclinantem,
897 1097 1290 1167 pauperrimum
1312 1096 1462 1150 illum
1481 1109 1600 1151 esse
1618 1095 1827 1164 judicas
1852 1112 1865 1147 :
1891 1104 1947 1150 tu

362 1195 541 1242 autem
568 1201 690 1241 cum
716 1188 876 1242 etiam
903 1186 985 1241 his
1011 1186 1197 1241 viliora
1225 1186 1431 1256 colligis
1454 1227 1469 1250 ,
1499 1194 1553 1240 te
1582 1187 1721 1240 inter
1755 1186 1946 1241 divites

363 1280 721 1335 annumeras?
747 1294 924 1334 annon
952 1279 1066 1334 haec
1089 1294 1211 1335 cum
1238 1280 1443 1334 ratione
1467 1280 1745 1349 pugnant?

451 1368 591 1425 Verte
614 1369 799 1423 divitiae
820 1385 952 1440 quae.
979 1368 1312 1441 Eleemosyna
1335 1386 1575 1440 magnum
1596 1370 1943 1440 pharmacum.

363 1489 439 1504 —
460 1459 613 1516 Illum
638 1459 856 1515 divitem
879 1460 1149 1529 dicemus,
1182 1461 1271 1530 qui
1303 1462 1582 1531 praesentia
1613 1462 1789 1517 omnia
1813 1477 1946 1516 con-

366 1554 575 1609 temnit.
602 1554 774 1610 Nemo
802 1555 967 1621 enim,
994 1569 1153 1609 nemo
1176 1569 1305 1610 sane
1332 1554 1448 1610 haec
1471 1555 1614 1620 vilia,
1644 1564 1942 1625 argentum,

365 1658 556 1697 aurum
575 1684 591 1709 ,
622 1653 921 1715 caeteraque
948 1645 1257 1715 imaginaria
1283 1644 1530 1700 deridere
1556 1645 1816 1712 voluerit,
1846 1646 1948 1701 nisi

366 1733 628 1805 majorum
652 1751 836 1791 amore
866 1746 1141 1802 teneatur;
1169 1739 1306 1793 sicut
1334 1753 1434 1794 nec
1463 1737 1765 1807 plumbeum
1796 1754 1949 1792 num-

366 1840 514 1879 mum
550 1826 672 1895 quis
709 1836 927 1896 spernet
947 1869 961 1890 ,
990 1829 1094 1883 nisi
1126 1843 1319 1883 aureos
1347 1829 1558 1885 habeat.
1590 1829 1659 1884 Et
1687 1839 1740 1883 tu
1771 1831 1949 1901 itaque

364 1930 486 1970 cum
514 1916 709 1972 videris
734 1917 1004 1974 hominem
1028 1928 1195 1975 totum
1222 1921 1408 1976 orbem
1430 1931 1945 1990 praetercurrentem,

368 2024 435 2062 ne
464 2019 618 2076 putes
645 2010 746 2065 alia
775 2011 843 2067 de
871 2026 1029 2066 causa
1058 2013 1204 2068 illum
1235 2014 1287 2069 id
1323 2012 1498 2069 facere
1517 2056 1532 2079 ,
1560 2015 1661 2071 nisi
1690 2023 1750 2070 ut
1776 2016 1950 2084 majo-

366 2113 479 2152 rem
510 2098 686 2154 videat
712 2101 986 2157 mundum.
1015 2102 1105 2158 Sic
1130 2112 1184 2158 et
1207 2104 1435 2175 agricola
1462 2106 1676 2175 paulum
1700 2106 1949 2162 frumenti

367 2187 594 2259 deSpicit
616 2231 631 2255 ,
664 2206 784 2246 cum
816 2193 1074 2264 majorem
1104 2204 1285 2264 sperat
1311 2209 1560 2252 messem.
1590 2195 1645 2251 Si
1673 2212 1801 2252 vero
1826 2212 1950 2253 cum

366 2279 541 2335 adhuc
571 2281 772 2337 incerta
798 2298 921 2355 spes
959 2292 1063 2351 est,
1092 2300 1210 2355 quae
1238 2286 1495 2342 habemus
1520 2288 1908 2347 contemnimus
1932 2304 1947 2343 :

369 2375 538 2428 multo
562 2377 728 2444 magis
754 2376 806 2430 id
834 2377 1118 2446 agendum,
1139 2393 1261 2433 cum
1282 2394 1468 2435 secura
1492 2389 1578 2435 est
1601 2381 1948 2450 exspectatio.

369 2463 747 2533 Quamobrem,
774 2482 960 2536 quaeso
988 2478 1043 2523 et
1066 2468 1311 2535 obsecro,
1342 2486 1410 2524 ne
1436 2484 1535 2525 nos
1559 2470 1703 2540 ipsos
1729 2470 1953 2525 mulcte-

371 2570 509 2621 mus,
545 2573 678 2612 neve
701 2573 911 2613 omnum
943 2561 1297 2631 possidentes,
1328 2564 1576 2634 supernis
1604 2579 1702 2618 nos
1733 2564 1951 2620 thesau-

371 2647 447 2702 ris
487 2649 754 2718 privemus
777 2692 794 2718 ,
824 2652 950 2707 dum
984 2654 1175 2710 culmis
1203 2665 1255 2710 et
1286 2656 1451 2726 paleis
1486 2665 1732 2711 onustam
1774 2658 1953 2712 navim

369 2742 423 2795 in
453 2752 660 2812 portum
700 2746 924 2815 agimus.
965 2746 1159 2817 Carpat
1196 2750 1242 2803 si
1280 2749 1399 2819 quis
1434 2750 1563 2804 velit
1600 2750 1951 2804 monitionum

372 2832 720 2904 frequentiam
741 2879 756 2903 ,
781 2852 1009 2907 nugaces
1036 2854 1134 2893 nos
1161 2840 1425 2910 appellet,
1455 2840 1755 2895 fastidiosos
1774 2882 1786 2903 ,
1819 2855 1953 2895 one-

371 2935 524 2979 rosus
557 2944 570 2977 :
602 2942 706 2980 non
741 2929 1069 2984 cessabimus
1115 2928 1231 2985 haec
1277 2929 1583 3000 frequenter
1619 2945 1868 2995 monere,
1900 2938 1956 2987 et

368 3015 642 3084 prOphetae
666 3017 865 3073 dictum
896 3019 1021 3075 illud
1051 3020 1203 3076 vobis
1228 3021 1474 3075 omnibus
1499 3030 1743 3091 repetere
1772 3040 1785 3075 :
1818 3020 1955 3076 Pec-

368 3115 484 3159 cata
510 3116 599 3159 tua
624 3108 947 3179 eleemosynis
972 3111 1161 3163 redime
1179 3151 1195 3175 ,
1224 3120 1272 3165 et
1298 3111 1583 3180 iniquitates
1612 3122 1723 3165 tuas
1746 3112 1955 3165 misera-

371 3196 587 3252 tionibus
612 3215 911 3269 pauperum,
938 3209 987 3255 et
1011 3201 1261 3270 suspende
1284 3202 1401 3256 illas
1428 3202 1482 3256 in
1510 3202 1641 3257 collo
1667 3212 1753 3257 tuo
1780 3202 1953 3274 (Dan.

1254 342 1257 343 ⁷
1319 340 1382 396 ΙΝ
1419 335 1732 395 JOANNEM
1772 336 2004 394 IIOMIL.
2043 337 2305 394 LXXXII.
2345 339 2417 394 al.
2459 336 2695 396 LXXXI.

3523 346 3627 401 ΜΞ

2049 453 2105 507 4.
2131 451 2260 522 24).
2289 452 2364 507 Ne
2394 450 2549 507 hodie
2578 451 2759 513 facias,
2777 459 2833 505 et
2855 464 2973 504 cras
3014 448 3258 505 desistas.
3276 449 3408 506 Nam
3436 461 3492 507 ut
3529 452 3634 506 hoc

2050 557 2245 611 corpus
2269 542 2577 612 quotidiano
2604 552 2726 612 eget
2753 542 2873 595 cibo
2894 581 2908 602 .
2940 541 3011 595 ita
3035 556 3247 610 quoque
3282 542 3490 606 anima;
3524 542 3634 596 imo

2049 634 2207 703 longe
2232 634 2399 704 magis
2422 635 2638 700 anima;
2666 642 2719 689 et
2747 634 2849 688 nisi
2873 642 3073 703 eroget,
3098 641 3152 687 et
3174 632 3433 688 inﬁrmior
3452 634 3637 689 evadit

2050 734 2105 778 et
2136 724 2360 795 turpior.
2389 723 2468 778 Ne
2493 724 2845 794 despiciamus
2886 733 3193 793 pereuntem
3213 765 3229 789 ,
3262 724 3632 794 praefocatum.

2050 817 2213 872 Multa
2240 817 2478 886 quotidie
2504 818 2702 887 excipit
2727 818 2947 872 vulnera
2974 834 3039 871 ex
3068 819 3379 888 cupiditate.
3410 819 3507 885 ira,
3541 820 3637 874 de-

2049 908 2184 964 sidia
2202 949 2218 973 ,
2244 923 2309 963 es
2336 909 2615 973 conviciis,
2643 909 2870 963 vindicta
2893 950 2908 974 ,
2942 909 3157 965 invidia.
3187 910 3290 979 Ipsi
3317 926 3445 980 ergo
3474 911 3638 981 phar-

2049 1012 2201 1053 maca
2225 1005 2349 1053 sunt
2368 998 2701 1067 apponenda.
2730 998 2910 1068 Neque
2931 1014 3155 1068 parvum
3178 1009 3259 1055 cst
3277 1001 3634 1072 eleemosyuae

2050 1089 2416 1158 pharmacum,
2440 1088 2581 1157 quod
2609 1087 2853 1143 omnibus
2879 1090 3071 1157 apponi
3101 1099 3276 1159 potest
3300 1091 3630 1147 vulneribus.

2049 1180 2183 1235 Date
2208 1182 2593 1251 elemosynam,
2624 1180 2812 1249 inquit,
2844 1190 2890 1234 et
2914 1182 3081 1234 omnia
3110 1182 3245 1235 vobis
3272 1182 3461 1235 mtmdu
3488 1191 3636 1236 erunt

2050 1274 2201 1345 (Luc.
2230 1276 2318 1329 ll.
2348 1275 2441 1344 41)
2472 1273 2905 1345 :eleemosynam
2925 1315 2941 1341 ,
2973 1289 3079 1328 non
3118 1276 3356 1343 rapinam
3382 1292 3398 1331 :
3421 1290 3538 1343 qua:
3568 1289 3636 1329 ex

2050 1368 2232 1435 rapina
2261 1365 2476 1433 dantur,
2504 1380 2610 1419 non
2638 1374 2875 1432 manent,
2903 1365 3002 1420 etsi
3034 1366 3121 1420 illa
3152 1366 3337 1435 egenis
3370 1365 3632 1434 largiaris.

2051 1456 2405 1528 Eleemosyna
2443 1456 2587 1511 enim
2628 1464 2738 1523 est,
2779 1471 2898 1524 quae
2936 1456 3080 1509 omni
3123 1465 3271 1511 caret
3310 1454 3632 1525 iniquitate:

2053 1549 2167 1603 haec
2207 1549 2382 1601 omnia
2428 1563 2556 1617 pura
2602 1546 2763 1602 efﬁcit
2795 1564 2808 1601 :
2843 1548 2957 1602 haec
2994 1548 3184 1602 melior
3224 1558 3305 1602 est
3343 1548 3546 1617 jejunio
3582 1555 3638 1601 et

2052 1641 2200 1697 humi
2226 1641 2527 1696 cubatione.
2565 1639 2677 1694 Etsi
2708 1640 2799 1694 illa
2827 1640 3131 1695 molestiora
3162 1640 3270 1694 sint
3308 1648 3363 1695 et
3399 1640 3634 1695 laborio-

2051 1734 2192 1787 siora
2211 1774 2226 1799 ,
2257 1732 2372 1788 hrec
2400 1738 2576 1786 tamen
2615 1730 2748 1785 lucri
2785 1731 3001 1800 majoris
3026 1740 3108 1785 est
3134 1748 3148 1784 :
3175 1732 3407 1785 animam
3436 1730 3634 1785 illumi-

2052 1833 2176 1885 nat.
2208 1825 2387 1891 fovet,
2415 1822 2703 1879 formosam
2740 1823 2931 1879 reddit.
2959 1823 3075 1878 Non
3104 1825 3180 1878 sic
3209 1824 3433 1879 athletas
3459 1824 3635 1878 oleum

2053 1919 2290 1984 roborat,
2317 1924 2374 1971 ut
2399 1918 2607 1987 pietatis
2625 1925 2919 1972 certatores
2943 1914 3044 1970 hoc
3069 1916 3243 1970 oleum
3268 1924 3495 1970 recreat.
3524 1913 3635 1971 Un-

2053 2027 2239 2083 gamus
2266 2026 2395 2081 ergo
2422 2026 2632 2078 manus,
2668 2019 2727 2064 ut
2754 2019 2970 2065 strenue
3005 2010 3123 2065 illas
3145 2022 3330 2065 contra
3361 2009 3635 2065 inimicum

2054 2103 2379 2159 attollamus.
2408 2102 2509 2169 Qui
2547 2117 2836 2171 egenorum
2876 2104 3119 2158 misereri
3157 2104 3385 2174 cogitat,
3423 2104 3529 2158 cito
3572 2104 3639 2160 ab

2054 2198 2278 2251 avaritia
2307 2194 2546 2250 absistet.
2581 2194 2680 2261 Qui
2709 2196 3033 2266 pauperibus
3058 2210 3281 2267 erogare
3312 2204 3637 2265 perseverat,

2055 2287 2232 2341 statim
2285 2286 2416 2339 iram
2470 2286 2741 2355 deponet,
2794 2295 2849 2341 et
2897 2302 3185 2356 numquam
3236 2287 3400 2341 altum
3449 2285 3638 2354 sapiet.

2055 2376 2513 2445 Quemadmodum
2548 2377 2689 2431 enim
2735 2378 3039 2432 vulneratos
3076 2392 3217 2447 smpe
3246 2391 3438 2431 curans
3474 2376 3639 2430 medi«

2054 2486 2170 2535 cus,
2200 2469 2407 2525 facilius
2446 2469 2772 2539 reprimitur,
2803 2470 2927 2524 dum
2954 2471 3007 2524 in
3036 2470 3224 2525 alienis
3252 2468 3640 2524 calamitatibus

2056 2563 2340 2618 humanam
2358 2562 2618 2631 conspicit
2639 2571 2878 2617 naturam
2906 2581 2918 2616 :
2942 2564 3021 2617 sic
3039 2573 3093 2617 ct
3111 2578 3207 2616 nos
3230 2563 3273 2617 si
3293 2562 3359 2616 ad
3380 2575 3642 2632 pauperes

2051 2655 2317 2726 juvandos
2345 2669 2445 2709 nos
2462 2655 2869 2720 contulerimus,
2891 2654 3098 2709 facilius
3123 2653 3638 2724 philos0phabimur,

2057 2761 2230 2817 neque
2268 2746 2481 2802 divitias
2518 2746 2933 2811 admirabimur,
2974 2760 3147 2816 neque
3188 2760 3438 2815 maguum
3479 2742 3641 2813 quid-

2059 2840 2200 2910 piam
2238 2838 2517 2909 prazsentia
2548 2840 2683 2893 bona
2720 2837 2977 2893 ducemus
2997 2879 3011 2901 ,
3041 2837 3134 2891 sed
3172 2838 3348 2891 omnia
3379 2834 3642 2904 despicie-

2058 2946 2197 2992 mus.
2226 2940 2280 2985 et
2306 2930 2563 2986 sublimes
2586 2930 2651 2984 ad
2676 2929 2868 2985 cmlum
2896 2931 3088 2996 evecti,
3112 2929 3267 2984 facile
3293 2929 3431 2983 bona
3456 2941 3642 2982 conse-

2058 3038 2285 3093 quemur
2325 3031 2553 3085 aeterna,
2581 3022 2750 3092 gratia
2786 3032 2841 3077 et
2875 3021 3203 3091 benignitate
3238 3018 3442 3075 Domini
3475 3017 3644 3075 nostri

2058 3116 2184 3173 Jesu
2211 3113 2441 3181 Christi,
2471 3118 2684 3185 quicum
2714 3115 2857 3170 Patri
2891 3116 3059 3186 gloria
3078 3156 3093 3179 ,
3122 3115 3387 3185 simulque
3422 3110 3644 3183 Spiritui

2061 3217 2269 3273 sancto,
2297 3208 2348 3262 in
2374 3206 2566 3262 saecula
2595 3206 2933 3263 saeculorum.
2964 3207 3156 3261 Amen.

1660 3383 1992 3449 HOMILIA
2029 3390 2358 3452 LXXXII.

369 3524 499 3580 Car.
545 3524 632 3578 I7.
682 3540 733 3579 v.
786 3524 873 3578 η.
934 3523 1043 3595 Ego
1086 3524 1203 3578 dedi
1245 3525 1317 3579 eis
1364 3541 1641 3582 sermonem
1679 3536 1857 3592 tuum,
1908 3537 1958 3582 et

448 3617 662 3669 mundus
691 3632 774 3669 eos
802 3618 917 3670 odia
943 3617 1114 3670 [tabuit
1133 3657 1147 3681 ,
1178 3617 1297 3685 quia
1331 3632 1430 3670 non
1471 3625 1591 3671 sunt
1630 3616 1694 3671 de
1729 3617 1918 3672 mundo
1939 3658 1956 3686 ,

446 3708 574 3760 sicut
599 3723 690 3777 ego
719 3724 818 3760 non
847 3724 959 3761 sum
986 3709 1048 3761 de
1071 3708 1277 3762 mundo.

444 3798 496 3852 l.
524 3797 657 3851 Cum
685 3800 878 3853 virtute
908 3799 1111 3867 praediti
1137 3814 1167 3853 a
1193 3797 1439 3853 scelestis
1465 3812 1741 3865 vexamur,
1773 3809 1828 3854 et
1852 3801 1958 3855 vir-

373 3892 496 3944 ιιιιῑε
525 3890 749 3945 studiosi
774 3891 843 3945 ab
871 3891 976 3946 illis
1002 3890 1308 3945 deridemur
1327 3931 1340 3953 ,
1376 3906 1443 3946 ne
1472 3890 1523 3946 id
1553 3907 1693 3960 :egre
1720 3894 1804 3948 vel
1833 3909 1955 3948 mo-

372 3982 506 4036 leste
544 3982 798 4036 feramus.
830 3982 954 4037 Haec
981 3984 1175 4052 quippe
1219 3993 1406 4037 natura
1453 3984 1665 4039 virtutis
1694 3993 1805 4051 est,
1836 4002 1955 4055 quae

370 4073 568 4143 ubique
593 4073 733 4143 apud
760 4074 1029 4143 improbos
1056 4074 1235 4128 odium
1262 4089 1451 4145 parere
1476 4075 1631 4130 solet.
1653 4075 1785 4130 Cum
1810 4078 1951 4132 enim

371 4167 539 4235 probe
572 4166 868 4222 viventibus
907 4166 1216 4231 invideant,
1249 4176 1304 4222 et
1343 4177 1586 4237 putantes
1624 4168 1674 4223 id
1713 4169 1763 4222 in
1803 4184 1952 4225 suam

371 4258 565 4313 cedere
602 4258 1001 4321 defensionem,
1033 4259 1076 4312 si
1120 4259 1344 4313 aliorum
1394 4259 1616 4329 gloriam
1661 4259 1952 4329 dejiciant,

370 4351 598 4405 oderunt
623 4350 763 4415 illos,
792 4359 977 4420 utpote
1004 4351 1266 4405 contraria
1294 4360 1577 4415 sectantes,
1607 4363 1661 4407 et
1690 4353 1816 4407 nihil
1845 4369 1952 4409 non

370 4449 554 4511 agunt,
584 4449 644 4494 ut
671 4441 882 4495 illorum
913 4442 1074 4494 vitam
1110 4440 1410 4495 traducant.
1444 4440 1637 4496 Verum
1669 4458 1735 4497 ne
1764 4442 1951 4497 dolea-

370 4551 491 4589 mus
519 4553 535 4589 :
569 4534 695 4588 illud
726 4535 868 4589 enim
900 4534 1110 4589 virtutis
1137 4534 1390 4588 indicium
1412 4542 1514 4588 est.
1548 4535 1671 4589 ideo
1697 4536 1771 4589 ait
1793 4535 1950 4590 Citri-

369 4639 485 4683 stus
512 4645 524 4680 :
552 4627 612 4682 Si
635 4628 696 4681 de
722 4628 909 4680 mundo
930 4628 1118 4690 essetis,
1147 4627 1365 4681 mundus
1390 4626 1526 4696 quod
1548 4644 1693 4681 suum
1722 4638 1791 4681 est
1811 4644 1953 4681 ama-

370 4732 446 4774 ret
472 4720 665 4792 (Joan.
713 4721 798 4774 I5.
843 4720 947 4787 i9)
972 4735 987 4784 ;
1015 4729 1068 4774 et
1098 4719 1221 4773 alibi
1265 4734 1477 4773 rursum
1499 4760 1515 4785 ,
1565 4719 1652 4774 Vae
1679 4719 1811 4774 vobis
1836 4736 1952 4774 cum

371 4810 713 4866 benedixerint
749 4826 919 4864 omnes
951 4809 1174 4863 homines
1207 4807 1371 4877 (Luc.
1400 4808 1454 4864 6.
1492 4808 1623 4881 26).
1663 4809 1950 4879 Propterea

372 4901 460 4956 hic
486 4916 697 4972 quoque
721 4900 850 4956 dicit
872 4916 888 4953 :
913 4900 1208 4956 Sermonem
1234 4910 1374 4953 tuum
1397 4900 1512 4953 dedi
1545 4901 1638 4967 eis,
1664 4910 1710 4954 et
1734 4903 1951 4955 mundus

371 5011 455 5048 eos
493 4994 609 5048 odio
645 4993 838 5047 habuit.
878 4993 1213 5063 Rursumque
1241 5007 1456 5047 causam
1485 4992 1639 5048 δῦθι-ι
1673 5009 1768 5048 cur
1808 5002 1951 5048 tanta

372 5086 547 5141 Patris
571 5101 696 5140 cura
724 5085 866 5157 digni
892 5086 1020 5140 sint.
1050 5084 1177 5138 Nam
1206 5093 1424 5155 propter
1450 5094 1522 5151 te,
1552 5085 1738 5155 inquit,
1764 5096 1817 5141 et
1836 5100 1951 5140 ser-

374 5194 586 5235 monem
626 5188 772 5233 tuum
802 5178 927 5231 odio
964 5177 1129 5232 habiti
1166 5186 1321 5240 sunt,
1355 5178 1530 5247 itaque
1555 5178 1697 5248 digni
1734 5192 1951 5249 prorsus

374 5279 497 5322 sunt
541 5268 871 5337 providentia
906 5278 1016 5323 tua.
1058 5268 1144 5322 15.
1188 5267 1309 5320 Non
1340 5283 1463 5337 rogo
1501 5278 1558 5321 ut
1585 5267 1736 5323 tollas
1768 5285 1853 5323 eos
1888 5269 1952 5323 de

373 5361 593 5425 mundo,
635 5360 724 5414 sed
757 5370 811 5413 ut
848 5376 1009 5415 serves
1043 5378 1129 5415 eos
1165 5375 1197 5412 a
1228 5360 1383 5413 malo.
1417 5359 1621 5414 Rursus
1649 5376 1951 5416 sermonem

371 5451 601 5517 esplicat
621 5461 676 5507 et
699 5452 979 5508 clariorem
1006 5452 1181 5507 reddit
1202 5468 1217 5505 :
1238 5467 1345 5522 quo
1368 5450 1499 5506 nihil
1525 5452 1666 5506 aliud
1691 5452 1947 5518 declarat,

372 5557 529 5612 quam
570 5558 629 5598 se
670 5545 890 5599 multam
934 5544 1146 5600 illorum
1181 5558 1362 5599 curam
1402 5544 1632 5610 habere,
1660 5548 1800 5615 quod
1830 5546 1950 5602 illos

374 5643 483 5688 tam
506 5634 791 5705 diligenter
818 5636 1174 5691 commendet.
1220 5636 1381 5706 Atqui
1422 5636 1536 5705 ipse
1565 5635 1774 5691 dicebat
1792 5677 1807 5701 ,
1835 5637 1954 5691 Pa-

372 5735 507 5779 trem
548 5726 727 5780 omnia
753 5742 873 5796 qua:
910 5728 1009 5795 ipsi
1048 5727 1298 5798 petierint
1335 5725 1596 5783 facturum
1622 5743 1781 5793 esse;
1810 5744 1949 5798 quo-

371 5818 533 5874 modo
557 5834 685 5891 ergo
710 5819 796 5875 hic
822 5834 922 5890 pro
946 5820 1050 5876 illis
1075 5821 1263 5891 rogat?
1290 5818 1443 5876 Nulla
1468 5821 1571 5876 alia
1588 5861 1605 5891 ,
1634 5830 1692 5876 ut
1713 5819 1821 5877 dixi
1841 5861 1857 5889 ,
1882 5820 1951 5877 de

2060 3546 2241 3596 causa,
2267 3546 2424 3601 quam
2453 3540 2511 3585 ut
2534 3531 2873 3587 dilectionem
2901 3546 3049 3587 suam
3078 3530 3427 3588 demonstret.
3460 3532 3544 3588 l6.
3573 3532 3646 3587 De

2061 3624 2248 3674 mundo
2271 3639 2369 3675 non
2393 3632 2527 3687 sunt,
2552 3623 2681 3677 sicut
2706 3639 2797 3692 ego
2828 3638 2927 3675 non
2953 3638 3064 3675 sum
3093 3622 3156 3677 de
3184 3622 3393 3677 mundo.
3424 3622 3531 3679 Cur
3560 3640 3644 3679 er-

2059 3730 2128 3786 go
2154 3715 2275 3769 alibi
2301 3715 2470 3780 dixit,
2511 3716 2647 3780 Quos
2680 3715 2862 3769 dedisti
2893 3715 3019 3768 mihi
3048 3715 3109 3768 de
3138 3718 3327 3769 mundo
3347 3758 3363 3780 ,
3395 3717 3470 3769 tui
3501 3727 3645 3771 erant

2060 3806 2240 3878 (Joan.
2270 3808 2355 3862 I7.
2386 3805 2482 3880 6)?
2507 3808 2617 3862 Illic
2642 3806 2710 3863 de
2736 3817 2926 3862 natura
2951 3807 3299 3877 loquebatur;
3324 3807 3409 3864 hic
3428 3808 3495 3864 de
3516 3825 3645 3879 ope-

2059 3903 2205 3956 ribus
2237 3901 2412 3956 malis.
2444 3901 2511 3955 Et
2536 3901 2695 3970 longo
2724 3900 2845 3956 illos
2868 3902 3113 3956 encomio
3142 3901 3377 3957 celebrat
3403 3919 3417 3955 :
3451 3902 3643 3970 primo,
3704 3926 3707 3927 ν

2057 3993 2199 4064 quod
2229 4007 2332 4048 non
2361 3994 2467 4048 sint
2490 3993 2557 4049 de
2585 3993 2784 4048 mundo
2808 4008 2822 4057 ;
2850 3992 3064 4058 deinde,
3093 3992 3234 4063 quod
3266 3992 3378 4061 ipse
3403 3991 3520 4046 illos
3552 3992 3647 4046 de-

2056 4084 2197 4139 derit
2217 4128 2233 4152 ,
2262 4093 2318 4138 et
2340 4084 2483 4155 quod
2522 4099 2824 4139 sermonem
2867 4086 3232 4149 servaverint,
3265 4084 3492 4154 ideoque
3520 4083 3645 4137 odio

2056 4172 2372 4229 habeantur.
2406 4174 2557 4241 Quod
2584 4175 2628 4229 si
2655 4175 2820 4241 dicat,
2853 4174 2999 4229 Sicut
3026 4192 3115 4245 ego
3144 4190 3245 4228 non
3271 4174 3471 4239 θυηλάς
3499 4190 3647 4227 mun-

2056 4266 2142 4328 do,
2171 4282 2239 4321 ne
2266 4266 2516 4320 turberis.
2545 4265 2673 4319 Illud
2702 4268 2867 4331 enim,
2896 4265 3064 4329 Sicut,
3092 4265 3177 4319 hic
3205 4280 3309 4319 non
3340 4272 3643 4320 accuratam

2055 4356 2275 4411 denotat
2299 4355 2677 4425 aequalitatem.
2705 4356 2773 4411 Ut
2810 4356 2952 4410 enim
2982 4370 3105 4409 cum
3128 4356 3196 4409 de
3227 4356 3342 4424 ipso
3367 4368 3419 4409 et
3443 4355 3509 4411 de
3537 4354 3640 4410 Pa-

2056 4459 2136 4502 tre
2164 4446 2312 4510 illud,
2343 4448 2505 4511 Sicut,
2530 4448 2742 4514 dicitur,
2766 4449 2929 4501 multa
2955 4447 3024 4501 oi)
3047 4457 3251 4501 natura:
3275 4447 3641 4517 cognationem

2057 4537 2321 4593 indicatur
2359 4538 2633 4607 aequalitas
2662 4555 2675 4590 :
2704 4538 2784 4593 sic
2818 4552 2939 4592 cum
2969 4537 3035 4593 de
3065 4537 3181 4607 ipso
3209 4544 3261 4592 et
3287 4535 3355 4592 de
3383 4537 3533 4591 nobis
3557 4538 3642 4590 di-

2054 4631 2212 4695 citur,
2245 4645 2493 4697 magnum
2525 4629 2852 4700 signiﬁcatur
2877 4630 3163 4685 discrimen
3184 4672 3199 4695 ,
3231 4630 3351 4700 quia
3392 4645 3642 4700 magnum

2056 4722 2198 4775 inter
2221 4730 2500 4790 utramque
2530 4730 2772 4775 naturam
2806 4721 3084 4775 intercedit
3121 4720 3474 4775 intervallum.
3503 4719 3641 4775 Nam

2054 4814 2098 4867 si
2128 4813 2401 4866 Peccatum
2427 4829 2526 4867 non
2552 4814 2672 4881 fecit
2696 4856 2710 4873 .
2743 4830 2900 4884 neque
2928 4812 3077 4867 dolus
3105 4814 3335 4868 inventus
3371 4821 3442 4867 est
3478 4814 3532 4867 in
3557 4830 3646 4867 ore

2052 4906 2163 4975 ejus
2191 4905 2210 4977 (
2235 4904 2365 4959 lsat'.
2394 4906 2483 4961 53.
2512 4905 2575 4967 9;
2600 4905 2651 4959 l.
2689 4904 2828 4960 Petr.
2857 4906 2911 4959 2.
2942 4906 3013 4960 '22
3040 4905 3081 4975 ).
3125 4904 3393 4976 quomodo
3437 4906 3644 4975 possint

2053 4997 2278 5066 apostoli
2325 4996 2397 5053 illi
2447 4996 2789 5067 comparari?
2824 4995 2960 5061 Quid
3014 5011 3144 5065 ergo
3192 4998 3291 5051 sibi
3358 4995 3507 5062 vult,
3564 4995 3644 5050 De

2054 5087 2244 5141 mundo
2275 5103 2374 5152 non
2402 5097 2518 5141 sunt
2536 5088 2562 5142 Σ)
2587 5087 2665 5141 Ad
2701 5087 2840 5141 aliud
2863 5088 3175 5157 respiciunt,
3208 5089 3339 5142 nihil
3357 5103 3480 5142 cum
3498 5097 3641 5143 terra

2055 5193 2337 5232 commune
2364 5177 2598 5248 habent,
2634 5178 2727 5232 sed
2760 5179 3013 5233 caelorum
3040 5178 3163 5234 facti
3194 5190 3318 5234 sunt
3342 5179 3506 5233 cives.
3536 5178 3631 5231 llis

2055 5284 2184 5323 vero
2205 5284 2442 5325 amorem
2466 5285 2620 5325 suum
2645 5270 2898 5337 ostendit,
2922 5286 3042 5326 cum
3064 5273 3201 5337 apud
3224 5271 3433 5326 Patrem
3459 5270 3641 5326 laudat

2056 5363 2198 5432 illos,
2224 5373 2279 5418 et
2303 5363 2538 5419 Genitori
2560 5364 2917 5419 commendat.
2940 5366 3071 5419 Cum
3098 5364 3230 5418 dixit
3253 5373 3451 5427 autem,
3479 5362 3642 5417 Serva

2057 5470 2140 5509 eos
2160 5496 2175 5521 ,
2209 5471 2313 5510 non
2354 5457 2529 5511 solum
2572 5467 2723 5527 rogat
2759 5466 2815 5511 ut
2842 5472 2870 5511 a
2901 5457 3151 5526 periculis
3180 5456 3297 5509 illos
3322 5464 3512 5520 eruat;
3542 5455 3640 5510 sed

2057 5545 2214 5599 etiam
2242 5555 2301 5600 ut
2329 5547 2380 5600 in
2410 5546 2513 5602 ﬁde
2540 5556 2890 5616 permaneant
2918 5565 2931 5601 :
2962 5547 3085 5603 ideo
3112 5546 3349 5611 addidit,
3374 5545 3461 5601 l7.
3493 5546 3637 5599 San-

2057 5638 2222 5706 cti/ica
2260 5654 2343 5691 eos
2381 5639 2434 5691 in
2468 5640 2675 5693 veritate
2708 5650 2828 5704 tua;
2858 5648 3073 5695 sanctos
3111 5638 3273 5694 redde
3314 5653 3406 5708 per
3432 5644 3635 5692 donum

2057 5732 2285 5801 Spiritus
2312 5739 2367 5786 et
2397 5748 2490 5802 per
2518 5742 2660 5787 recta
2688 5732 2970 5804 dogmata;
3002 5740 3061 5787 ut
3096 5748 3216 5787 cum
3257 5731 3420 5795 dicit,
3456 5728 3638 5784 Mundi

2056 5824 2174 5877 estis
2201 5833 2407 5895 propter
2431 5838 2728 5891 sermonem,
2750 5840 2895 5894 quem
2917 5825 3151 5895 loquutus
3169 5840 3278 5879 sunt
3299 5823 3432 5878 vobis
3451 5823 3637 5895 (Joan.
