4126 6366
456 324 563 380 N3

459 441 549 495 15.
580 438 639 508 5)
665 454 682 505 ;
722 436 948 508 idipsum
976 448 1118 490 nunc
1146 435 1220 487 ait
1251 450 1265 487 :
1299 432 1520 487 lnstitue
1556 427 1676 481 illos
1694 466 1721 492 ,.
1736 424 1873 479 doce
1896 422 2041 474 veri—

458 541 646 587 tatem.
689 531 847 600 Atqui
895 530 996 583 hoc
1038 527 1292 596 Spiritum
1331 524 1506 578 facere
1535 521 1682 577 dicit.
1718 519 1829 574 Cur
1864 525 2044 571 autem

455 625 586 680 illud
615 641 643 679 a
676 624 833 679 Patre
871 637 1010 677 nunc
1051 620 1318 693 postulat?
1349 619 1418 674 Ut
1446 631 1658 673 rursum
1686 612 2041 684 aequalitatem

453 718 650 773 discas.
684 717 846 771 Recta
886 716 1082 786 quippe
1124 715 1191 770 de
1234 714 1347 768 Deo
1376 713 1622 782 dogmata
1651 709 1884 763 animam
1914 720 2042 761 san-

454 809 712 863 ctilicant.
740 808 795 863 Si
816 817 992 862 autem
1016 808 1181 863 verbo
1199 804 1519 860 sanctiﬁcari
1542 803 1690 866 dicit,
1720 817 1789 856 ne
1808 799 2040 854 mireris.

454 899 605 968 Quod
636 915 766 955 vero
802 900 870 954 de
898 899 1141 954 doctrina
1182 899 1462 969 loquatur,
1492 896 1576 950 his
1606 895 1782 950 verbis
1822 893 1993 948 innuit
2017 909 2037 947 z

456 995 638 1049 Sermo
657 1004 773 1048 tuus
793 994 974 1047 veritas
993 1004 1098 1058 est;
1120 992 1221 1048 hoc
1241 1002 1342 1053 est.
1368 990 1507 1046 Nihil
1530 988 1789 1044 mendacii
1815 988 1871 1042 in
1890 987 2036 1058 ipso;

456 1086 675 1140 omnino
704 1086 901 1156 quippe
927 1095 1141 1156 oportet
1168 1087 1348 1141 omnia
1378 1085 1516 1139 dicta
1556 1084 1672 1154 ejus
1709 1084 1959 1148 evenire;
1992 1090 2047 1135 et

456 1178 596 1249 quod
625 1179 755 1233 nihil
782 1179 1056 1248 ﬁguratum
1080 1179 1164 1234 vel
1185 1193 1525 1249 corporeum,
1544 1177 1621 1231 sic
1641 1190 1851 1230 rursum
1874 1181 2048 1229 osten-

455 1275 552 1339 dit,
579 1286 635 1328 ut
664 1287 714 1330 et
741 1274 937 1330 Paulus
965 1275 1032 1330 de
1059 1275 1296 1330 Ecclesia
1325 1273 1435 1327 ait:
1462 1271 1823 1327 Sanctiﬁeavit
1847 1284 1964 1325 eam
1992 1269 2045 1323 in

454 1367 633 1439 verbis
659 1366 878 1438 (Epltes.
910 1367 965 1422 5.
993 1366 1104 1438 26).
1135 1366 1286 1422 Solet
1314 1367 1457 1420 enim
1487 1365 1707 1419 verbum
1739 1364 1830 1420 Dei
1858 1377 2049 1433 purga-

455 1474 535 1513 re.
578 1458 803 1513 Videtur
845 1470 1021 1514 autem
1064 1459 1193 1514 mihi
1236 1458 1365 1515 illud
1390 1499 1407 1526 ,
1436 1458 1715 1526 Sancti/ica
1753 1473 1870 1517 eos,
1899 1454 2042 1510 aliud

454 1565 667 1621 quoque
707 1553 1043 1622 signiﬁcare;
1098 1566 1326 1622 nempe,
1374 1550 1605 1620 Segrega
1650 1562 1745 1603 eos
1783 1548 1948 1603 verbo
1990 1556 2047 1602 et

454 1642 820 1711 prmdicationi
847 1660 862 1708 ;
893 1644 1032 1714 quod
1064 1644 1237 1713 ipsum
1268 1659 1332 1698 ex
1361 1641 1705 1712 sequentibus
1737 1641 1918 1711 liquet.
1952 1639 2038 1694 18.

455 1736 602 1790 Sicut
623 1738 754 1789 enim
783 1754 862 1791 me
880 1778 893 1800 ,
923 1738 1122 1805 inquit,
1149 1738 1329 1791 misisti
1351 1737 1403 1791 in
1427 1736 1669 1789 mundum
1693 1777 1707 1800 ,
1737 1742 1783 1789 et
1809 1752 1900 1805 ego
1924 1734 2038 1788 mist

453 1844 557 1882 eos.
589 1828 736 1895 Quod
765 1839 818 1883 et
850 1829 1044 1883 Paulus
1073 1829 1234 1892 dicit,
1265 1827 1465 1882 Ponens
1490 1829 1544 1881 in
1568 1827 1709 1880 nobis
1732 1828 1935 1880 verbum
1960 1844 2040 1881 re-

453 1923 822 1977 conciliationis
862 1923 940 1991 (2,
973 1924 1092 1978 Cor.
1126 1924 1178 1978 5.
1219 1921 1331 1994 19).
1366 1923 1470 1976 Pro
1500 1937 1605 1991 quo
1632 1924 1771 1976 enim
1802 1919 2044 1976 Christus

453 2014 604 2079 abiit,
634 2030 730 2083 pro
754 2014 855 2070 hoc
877 2015 928 2068 hi
957 2016 1140 2070 orbem
1165 2014 1704 2084 comprehenderunt.
1732 2013 1862 2067 Illud
1889 2028 2038 2078 vero,

454 2104 622 2169 Sicut,
649 2121 754 2159 non
784 2106 1146 2161 similitudinis
1172 2118 1255 2161 est
1284 2108 1422 2161 inter
1448 2106 1617 2175 ipsum
1643 2117 1695 2159 et
1720 2104 1997 2172 apostolos
2023 2122 2036 2157 :

453 2196 757 2269 (quomodo
784 2197 923 2250 enim
955 2198 1107 2251 aliter
1151 2197 1394 2251 homines
1424 2197 1557 2250 mitti
1597 2196 1919 2265 poterant)?
1944 2194 2039 2250 sed

452 2301 570 2341 mos
598 2297 673 2342 est
705 2288 752 2342 ei
779 2287 847 2342 de
875 2286 1053 2342 futuro
1083 2297 1142 2342 ut
1165 2288 1233 2344 de
1259 2288 1530 2357 prieterito
1560 2288 1725 2356 loqui.
1748 2287 1835 2342 19.
1863 2286 1925 2340 Et
1947 2302 2039 2355 pro

452 2381 524 2434 eis
560 2381 822 2448 sancti/ica
860 2382 1139 2449 meipsum,
1168 2390 1225 2435 ut
1261 2382 1363 2435 sint
1400 2380 1703 2447 sanctiﬁcati
1727 2381 1782 2435 in
1806 2380 2038 2436 veritate.

452 2473 589 2540 Quid
615 2482 717 2537 est,
746 2473 1027 2542 Sancti/ica
1054 2472 1345 2543 meipsum?
1369 2473 1550 2528 Oll'ero
1576 2473 1670 2529 tibi
1697 2473 2037 2529 sacriﬁcium.

451 2562 721 2619 Sacrilicia
764 2580 892 2618 vero
932 2564 1110 2618 omnia
1134 2605 1150 2627 ,
1183 2572 1365 2618 sancta
1403 2562 1687 2627 dicuntur,
1724 2572 1781 2619 et
1827 2563 2042 2634 preprie

452 2664 636 2711 sancta
676 2671 794 2726 qum
833 2656 944 2711 Deo
985 2665 1298 2711 consecrata
1326 2663 1469 2710 sunt.
1496 2654 1632 2711 Cum
1661 2655 1805 2711 enim
1830 2655 1957 2711 olim
1986 2656 2040 2711 in

453 2748 621 2819 ﬁgura
650 2748 1005 2804 sanctiﬁcatio
1033 2757 1177 2804 esset
1204 2749 1256 2802 in
1284 2762 1423 2811 ove;
1456 2763 1598 2803 nunc
1639 2756 1817 2802 autem
1846 2762 1952 2803 non
1986 2747 2038 2802 in

452 2839 645 2911 ﬁgura,
676 2840 770 2896 sed
799 2842 851 2895 in
884 2840 997 2911 ipsa
1028 2841 1251 2896 veritate
1280 2841 1348 2896 sit
1379 2859 1392 2896 :
1421 2840 1542 2895 ideo
1567 2840 1641 2896 ait
1665 2857 1680 2894 :
1707 2840 1776 2896 Ut
1797 2841 1898 2895 sint
1920 2856 2040 2895 san-

451 2931 661 2999 ctiﬁcati
694 2933 748 2986 in
778 2932 984 2986 veritate
1025 2943 1129 2986 tua.
1174 2931 1389 2986 Etenim
1427 2931 1545 2987 illos
1574 2931 1668 2987 tibi
1697 2947 1956 2988 consecro
1985 2941 2041 2986 et

451 3022 777 3077 oblationem
806 3022 962 3078 facio.
993 3022 1118 3079 Sive
1157 3032 1378 3093 propter
1406 3032 1567 3095 caput
1601 3023 1703 3080 hoc
1733 3026 1843 3081 ﬁeri
1874 3025 2036 3094 dicit,

451 3116 565 3170 sive
611 3115 734 3186 quia
790 3116 891 3185 ipsi
940 3116 1371 3171 immolabantur.
1423 3116 1778 3183 Constituite,
1832 3117 2036 3187 inquit,

450 3207 690 3262 membra
719 3219 895 3261 veSIra
927 3207 1165 3262 Hostiam
1193 3209 1453 3273 viventem,
1484 3218 1709 3263 sanctam
1745 3208 1917 3280 (Rom.
1948 3210 2035 3265 12.

450 3300 540 3367 1);
568 3307 643 3366 et,
667 3296 935 3352 AEstimati
960 3315 1133 3354 sumus
1159 3300 1286 3353 sicut
1315 3315 1429 3355 oves
1456 3301 1718 3354 occisionis
1744 3300 1914 3372 (Psal.
1946 3303 2037 3357 45.

448 3390 578 3459 22);
606 3400 687 3455 et,
718 3390 846 3446 Sine
874 3385 1046 3445 morie
1073 3392 1300 3446 hostiam
1331 3406 1424 3447 eos
1459 3392 1580 3446 facit
1609 3403 1663 3447 et
1688 3392 2033 3448 oblationem.

448 3482 603 3551 Quod
630 3482 773 3537 enim
815 3497 964 3537 suam
994 3478 1411 3538 immolationem
1443 3484 1804 3540 subindicaret
1828 3486 2033 3552 dicens,

448 3574 749 3642 Sancti/ica,
782 3589 848 3630 ex
874 3577 1218 3646 sequentibus
1246 3576 1418 3646 palam
1449 3586 1551 3632 est.
1582 3577 1672 3633 20.
1703 3577 1825 3633 Νοη
1851 3595 1943 3649 pro
1967 3582 2037 3633 eis

447 3677 616 3721 autem
636 3684 757 3736 rogo
781 3677 994 3729 tantum,
1021 3669 1109 3722 sed
1134 3681 1179 3723 et
1206 3686 1298 3739 pro
1321 3670 1412 3736 eis,
1439 3672 1524 3740 qui
1544 3671 1784 3725 credituri
1806 3682 1922 3726 sunt
1949 3689 2039 3740 per

447 3759 648 3812 verbum
667 3775 838 3813 eorum
853 3760 905 3812 in
923 3777 1000 3813 me
1018 3760 1255 3831 (a).Quia
1278 3761 1418 3816 enim
1441 3776 1536 3830 pro
1558 3762 1688 3832 ipsis
1710 3764 2037 3818 moriebatur

447 3850 617 3922 (dixit
643 3868 788 3915 vero,
820 3852 927 3906 Pro
953 3853 1024 3907 eis
1050 3853 1311 3920 sanctiﬁco
1348 3852 1667 3926 meipsum);
1698 3871 1765 3910 ne
1787 3856 1907 3923 quis
1936 3870 2034 3923 pu-

447 3952 606 4011 taret,
634 3944 808 4014 ipsum
841 3944 891 3999 id
920 3959 1017 4014 pro
1041 3945 1295 4013 apostolis
1325 3955 1525 4000 tantum
1557 3945 1755 4013 facere,
1787 3946 1992 4001 addidit
2019 3963 2033 4001 '.

447 4038 572 4095 Non
610 4055 703 4108 pro
736 4038 813 4091 his
842 4051 965 4108 rogo
989 4036 1184 4102 solum,
1212 4036 1302 4090 sed
1329 4053 1421 4106 pro
1449 4037 1761 4092 credentibus
1800 4053 1889 4108 per
1921 4054 2033 4092 ser-

447 4147 645 4184 mortem
672 4146 846 4184 eorum
874 4130 927 4183 in
956 4145 1055 4183 me.

516 4222 569 4276 2.
601 4216 938 4277 llinciterum
962 4222 1173 4277 illorum
1192 4222 1349 4293 erigit
1374 4222 1604 4289 animos,
1628 4223 1870 4280 indicans
1895 4224 2038 4280 mul-

447 4324 530 4371 tos
552 4314 759 4370 futuros
780 4314 1088 4384 discipulos.
1111 4313 1243 4369 Cum
1272 4315 1417 4370 enim
1440 4314 1514 4381 id,
1536 4316 1678 4385 quod
1711 4316 2036 4385 praacipuum

451 4408 744 4474 habebant,
772 4420 1058 4461 commune
1084 4406 1288 4471 iecerit,
1320 4422 1532 4462 rursum
1556 4407 1677 4462 illos
1701 4409 2033 4477 consolatur,

449 4498 743 4554 ostendens
778 4497 900 4552 illos
942 4498 1168 4552 aliorum
1209 4498 1398 4553 salutis
1425 4512 1642 4554 causam
1667 4499 1853 4554 fuisse.
1903 4500 2036 4555 Cum

447 4603 631 4646 autem
672 4590 740 4646 de
766 4590 979 4645 illorum
1009 4591 1180 4646 salute
1210 4590 1463 4661 loquutus
1506 4600 1685 4657 esset,
1716 4592 2037 4647 iudicasset-

445 4701 552 4757 quc
581 4685 727 4755 ipsos
755 4683 1075 4740 sanetiﬁcari
1108 4684 1210 4740 ﬁde
1234 4695 1291 4739 et
1316 4683 1702 4750 immolatione,
1726 4684 1794 4740 de
1814 4700 2040 4740 concor-

445 4780 532 4833 dia
576 4777 791 4832 demum
843 4777 1112 4847 loquitur,
1136 4786 1191 4832 et
1234 4777 1285 4832 in
1316 4776 1417 4831 hoc
1459 4791 1765 4831 sermonem
1793 4777 2035 4844 claudit;

448 4870 575 4923 hinc
602 4884 829 4924 exorsus
854 4868 1152 4938 eodemque
1187 4867 1463 4923 desinens.
1495 4868 1765 4938 Principio
1786 4867 1997 4923 dixerat
2020 4907 2035 4933 ,

448 4962 753 5016 Mandatum
772 4978 956 5016 novum
980 4961 1045 5014 do
1060 4961 1196 5015 vobis
1219 4960 1397 5032 (Joan.
1426 4961 1513 5016 15.
1537 4963 1655 5029 54);
1678 4970 1734 5017 et
1759 4977 1920 5029 nunc,
1943 4960 2037 5016 21.

453 5055 519 5110 llt
543 5057 645 5112 sint
672 5072 831 5108 unum
851 5096 866 5117 ,
891 5056 1022 5108 sicut
1046 5064 1100 5107 tu
1122 5095 1137 5117 ,
1169 5053 1345 5119 Pater,
1368 5054 1423 5107 in
1447 5071 1547 5118 me,
1572 5065 1615 5108 et
1641 5072 1732 5126 ego
1758 5058 1811 5110 in
1839 5064 1905 5110 te.
1936 5056 2039 5110 lte-

450 5168 569 5208 rmu
599 5151 731 5206 illud
753 5192 767 5216 ,
803 5149 984 5213 Sicut,
1016 5164 1122 5203 non
1154 5158 1396 5203 exactam
1438 5150 1797 5220 aequalitatem
1828 5149 1915 5205 hic
1944 5165 2038 5205 ex-

451 5245 680 5315 primit;
709 5258 883 5312 neque
927 5243 1072 5297 enim
1126 5242 1195 5296 ita
1225 5258 1389 5297 unum
1435 5258 1554 5297 esse
1606 5252 1891 5312 poterant;
1940 5242 2037 5298 sed

452 5345 709 5405 quantum
742 5335 1044 5389 hominibus
1076 5334 1156 5387 fas
1199 5344 1283 5388 est
1325 5352 1339 5387 :
1387 5342 1445 5388 ut
1485 5349 1608 5389 cum
1655 5334 1829 5401 dicit,
1860 5334 2036 5390 Estote

450 5430 797 5485 misericordes
822 5469 837 5493 ,
868 5428 994 5482 sicut
1043 5426 1200 5481 Pater
1229 5437 1388 5480 vester
1430 5426 1449 5496 (
1467 5426 1593 5481 Luc.
1623 5428 1677 5482 6.
1724 5429 1853 5497 56).
1901 5427 2038 5495 Quid

452 5522 554 5578 sibi
582 5522 699 5577 vult
728 5520 853 5575 illud
879 5560 895 5585 ,
929 5518 995 5573 In
1026 5517 1214 5573 nobis?
1242 5517 1301 5573 In
1330 5518 1433 5574 ﬁde
1478 5519 1529 5573 in
1556 5534 1678 5574 nos.
1710 5519 1843 5587 Quia
1890 5520 2034 5575 enim

516 5681 589 5742 (a)
603 5688 748 5729 Totus
759 5679 1027 5742 vigesimus
1042 5674 1312 5742 versiculus
1332 5675 1477 5725 deest
1490 5674 1741 5742 iuMontef.
1758 5674 1899 5725 Hunc
1909 5675 2043 5742 addi:

451 5737 609 5790 dirutis
634 5758 662 5791 e
686 5737 935 5809 βοόῖῖθῦ
960 5745 1011 5787 et
1032 5739 1195 5801 Savil.,
1221 5740 1305 5803 qui
1342 5746 1507 5789 tamen
1531 5740 1581 5787 in
1626 5737 1743 5789 illud
1762 5774 1777 5800 ,
1803 5737 2041 5791 credituri

451 5810 579 5852 sunt.
597 5803 787 5852 destnit.

450 5814 579 5863 sunt,
597 5814 787 5852 aes-ina.

1167 315 1224 371 S.
1264 310 1542 370 JOANNIS
1577 300 2054 366 CHRYSOSTOMI
2093 299 2409 356 ARCHIEP.
2448 303 2981 364 CONSTANTINOP.

3627 317 3734 372 444

2164 417 2298 473 nihil
2327 420 2394 473 ita
2424 436 2614 478 omnes
2662 425 2939 493 perturbat
2985 435 3042 481 ut
3086 426 3382 497 dissensio,
3414 431 3465 487 id
3494 434 3642 504 agit,
3676 447 3737 491 ut

2155 527 2318 568 unum
2343 513 2491 569 ﬁant.
2522 515 2659 583 Quid
2688 517 2851 587 ergo?
2876 535 2943 573 an
2974 519 3075 575 hoc
3099 521 3275 576 eﬁ'ecit
3294 524 3317 577 ?
3339 524 3567 594 inquies.
3590 526 3736 585 Sane

2155 604 2371 674 quidem
2398 622 2413 670 ;
2445 621 2633 663 omnes
2659 611 2802 664 enim
2828 611 2918 681 qui
2948 627 3044 682 per
3069 616 3343 684 apostolos
3370 618 3731 690 crediderunt,

2160 716 2324 755 unum
2356 713 2477 756 sunt
2506 721 2519 756 :
2549 705 2758 760 etiamsi
2783 706 3002 777 quidam
3022 722 3089 763 ex
3110 709 3214 765 illis
3240 710 3489 781 disjuueti
3516 712 3730 770 fuerint.

2156 793 2342 865 Neque
2364 796 2505 850 enim
2528 794 2629 851 hoc
2657 797 2805 852 illum
2830 798 3012 866 latuit,
3038 800 3146 855 imo
3174 800 3226 856 id
3256 801 3348 857 ille
3378 805 3656 873 praedixit,
3678 817 3734 862 et

2152 885 2472 955 signiﬁcavit
2519 889 2620 943 hoc
2664 904 2731 944 ex
2775 889 3051 944 hominum
3082 890 3283 947 desidia
3312 896 3611 964 provenire.
3661 898 3731 956 Ut

2152 980 2370 1034 mundus
2394 981 2567 1034 credat
2586 982 2703 1052 quia
2731 993 2783 1037 tu
2808 1000 2888 1038 me
2914 985 3113 1040 misisti.
3143 986 3296 1053 Quod
3322 988 3481 1044 etiam
3510 990 3562 1044 in
3586 991 3733 1061 priu-

2152 1073 2292 1142 cipio
2320 1073 2456 1128 dixit
2483 1090 2497 1128 :
2532 1073 2600 1127 In
2648 1075 2743 1129 hoc
2791 1088 3090 1147 cognoscent
3117 1095 3289 1134 omnes
3307 1120 3323 1147 ,
3353 1082 3471 1151 quia
3496 1083 3735 1154 discipuli

2151 1163 2250 1215 mei
2277 1164 2393 1217 estis
2419 1204 2434 1228 ,
2461 1165 2505 1217 si
2529 1166 2739 1219 invicem
2768 1166 2994 1240 diligatis
3025 1166 3203 1239 (Joan.
3234 1171 3322 1227 15.
3356 1173 3471 1243 55)..
3503 1174 3568 1229 Et
3592 1192 3730 1246 quo-

2152 1255 2314 1310 modo
2336 1255 2459 1311 hinc
2486 1266 2641 1312 erant
2663 1258 2917 1313 credituri
2942 1262 2965 1315 τ
2992 1260 3125 1328 Quia
3155 1263 3300 1332 pacis
3334 1274 3419 1320 est
3445 1265 3585 1322 Deus
3606 1307 3622 1334 ,
3651 1269 3734 1323 in-

2154 1350 2292 1420 quit.
2353 1350 2410 1406 Si
2440 1365 2569 1421 ergo
2598 1366 2718 1419 quae
2758 1366 2825 1406 ex
2869 1352 2935 1407 iis
2963 1352 3265 1410 didicerunt
3302 1360 3632 1414 servaverint
3655 1401 3669 1423 ,
3699 1377 3731 1416 a

2150 1441 2426 1511 discipulis
2465 1442 2770 1518 Magistrum
2798 1443 3068 1500 auditores
3115 1458 3440 1518 cognoscent
3465 1472 3480 1507 ι
3508 1452 3590 1505 sin
3618 1452 3731 1507 dis-

2153 1535 2397 1600 sideant,
2445 1552 2550 1592 non
2581 1514 2764 1593 dicen‘t
2792 1538 2886 1594 Dei
2917 1539 3122 1610 paciﬁci
3167 1514 3459 1613 discipulos
3487 1560 3609 1601 esse
3638 1564 3652 1600 :
3683 1548 3729 1602 si

2153 1628 2409 1697 paciﬁcus
2462 1645 2568 1684 non
2615 1631 2715 1685 sim
2744 1672 2758 1696 ,
2802 1646 2910 1687 non
2964 1633 3362 1691 conﬁtebuntur
3406 1652 3493 1693 me
3536 1639 3631 1693 abs
3678 1649 3732 1696 te

2151 1720 2371 1775 missum
2395 1720 2580 1778 fuisse.
2604 1723 2791 1779 Viden’
2818 1727 3086 1795 quomodo
3110 1728 3175 1783 ad
3199 1728 3357 1786 ﬁnem
3385 1745 3556 1803 uSque
3578 1749 3730 1789 suam

2150 1827 2270 1867 cum
2303 1814 2514 1870 Patrem
2561 1816 2904 1872 concordiam
2935 1820 3166 1888 probet?
3194 1821 3285 1876 22.
3319 1821 3387 1877 Ει
3408 1840 3497 1895 ego
3525 1826 3731 1880 clarita-

2149 1918 2246 1962 tem
2269 1949 2284 1970 ,
2311 1925 2461 1979 quam
2491 1909 2677 1965 dedisti
2697 1912 2825 1965 mihi
2845 1952 2861 1979 ,
2892 1913 3009 1967 dedi
3038 1915 3109 1969 eis
3135 1930 3154 1970 :
3185 1914 3237 1970 id
3266 1925 3387 1983 est,
3422 1934 3519 1988 per
3545 1921 3726 1990 signa,

2149 2016 2246 2071 per
2269 2001 2568 2056 doctrinam
2597 2045 2612 2069 ,
2643 2012 2700 2059 et
2727 2012 2787 2058 ut
2812 2005 3107 2063 concordes
3138 2006 3264 2061 siut.
3300 2007 3425 2062 Haec
3452 2010 3592 2063 enim
3621 2011 3730 2065 cla-

2149 2093 2282 2146 ritas
2309 2103 2420 2157 est,
2460 2102 2517 2147 ut
2544 2094 2651 2149 sint
2682 2111 2844 2149 unum
2862 2137 2879 2163 ,
2910 2112 3029 2166 quae
3050 2097 3209 2152 etiam
3238 2100 3404 2169 signis
3431 2103 3600 2170 major
3625 2114 3727 2157 est.

2147 2184 2609 2251 Quemadmodum
2657 2188 2799 2242 enim
2832 2188 2997 2243 Deum
3025 2190 3323 2259 miramur,
3361 2194 3503 2262 quod
3550 2195 3601 2250 in
3628 2212 3728 2251 na-

2150 2285 2266 2331 tura
2318 2277 2409 2332 illa
2457 2278 2603 2334 nulla
2644 2279 2715 2334 sit
2758 2280 3027 2337 dissensio
3052 2323 3067 2350 ,
3100 2284 3242 2339 nulla
3289 2301 3501 2356 pugna;
3534 2296 3589 2342 et
3617 2289 3732 2344 haec

2148 2371 2378 2423 maxima
2408 2370 2579 2440 gloria
2607 2380 2730 2427 est:
2758 2371 2845 2428 Sic
2871 2383 2925 2428 et
2948 2373 3003 2429 hi
3029 2415 3043 2439 ,
3085 2376 3288 2446 inquit,
3324 2377 3448 2433 hinc
3475 2379 3605 2435 clari
3647 2381 3728 2435 ef-

2146 2460 2412 2517 ﬁciantur.
2446 2463 2513 2517 Et
2539 2477 2670 2529 cur,
2708 2464 2913 2536 inquies
2937 2508 2952 2532 ,
2984 2467 3199 2522 Patrem
3254 2479 3445 2540 rogat,
3479 2470 3592 2527 hate
3637 2473 3727 2530 det

2146 2551 2272 2618 illis,
2299 2569 2420 2607 cum
2448 2555 2680 2624 seipsum
2704 2556 2755 2611 id
2784 2556 2913 2612 dare
2935 2558 3121 2614 dicat?
3164 2559 3297 2616 Nam
3317 2563 3429 2618 sive
3448 2563 3518 2619 de
3539 2565 3725 2636 signis,

2146 2644 2259 2699 sive
2286 2644 2354 2700 de
2382 2647 2664 2701 concordia
2689 2690 2706 2715 ,
2739 2649 2853 2705 sive
2880 2650 2949 2706 de
2979 2666 3112 2721 pace
3142 2666 3324 2710 sermo
3349 2654 3449 2725 ipsi
3480 2656 3583 2723 sit,
3614 2657 3728 2715 htec

2144 2750 2266 2790 eum
2314 2737 2442 2806 ipsis
2471 2740 2711 2808 praebere
2753 2740 3101 2813 dignoscitur.
3154 2744 3306 2802 Unde
3352 2749 3525 2818 palam
3568 2759 3726 2816 erat,

2145 2829 2596 2887 consolandi'eos
2643 2832 2813 2903 gratia
2842 2835 3153 2904 petitionem
3198 2852 3318 2893 esse
3369 2838 3581 2895 laetam.
3632 2841 3723 2898 25.

2146 2918 2259 2992 Ego
2285 2922 2339 2976 in
2363 2923 2434 2977 eis
2456 2964 2472 2991 ,
2504 2933 2553 2977 et
2598 2934 2652 2978 tu
2675 2927 2730 2979 in
2760 2943 2859 2980 me.
2888 2926 3167 2995 Quomodo
3206 2930 3502 2986 claritatem
3541 2920 3728 2990 dedit?

2145 3011 2206 3067 In
2261 3028 2356 3068 eos
2404 3014 2732 3083 adveniens,
2783 3026 2839 3073 et
2890 3019 3101 3075 Patrem
3151 3035 3335 3077 secum
3380 3023 3619 3089 habens,
3670 3035 3727 3081 ut

2145 3105 2270 3161 illos
2301 3121 2403 3160 una
2434 3108 2669 3178 copulet.
2721 3110 2860 3165 Alibi
2892 3125 3021 3166 vero
3070 3127 3179 3167 non
3205 3114 3276 3167 ita
3306 3112 3576 3185 loquitur;
3621 3130 3727 3169 non

2144 3199 2287 3255 enim
2324 3200 2619 3257 claritatem
2664 3215 2985 3275 acceperunt
3025 3206 3167 3276 quod
3206 3206 3361 3262 Pater
3414 3209 3727 3278 advenerit,

2151 3291 2245 3347 sed
2289 3292 2431 3363 quod
2484 3294 2600 3364 ipse
2642 3310 2763 3350 cum
2812 3297 2970 3354 Patre
3016 3300 3255 3363 venerit,
3296 3308 3352 3355 et
3396 3303 3727 3357 mansionem

2151 3385 2290 3454 apud
2340 3402 2461 3441 eum
2505 3387 2689 3446 fecerit
2718 3389 2738 3462 (
2774 3388 2862 3443 Id.
2894 3392 2982 3446 14.
3012 3390 3084 3447 25
3114 3394 3168 3463 );
3216 3393 3322 3450 illic
3349 3393 3567 3450 Sabellii
3596 3438 3612 3461 ,
3642 3394 3728 3451 hic

2147 3477 2261 3531 Arii
2281 3479 2587 3548 opinionem
2612 3480 2994 3539 confutans.Ut
3010 3485 3109 3538 sint
3128 3490 3464 3541 consummati
3478 3489 3533 3541 in
3549 3505 3726 3554 unum,

2142 3578 2200 3622 ut
2229 3580 2497 3640 cognoscat
2536 3572 2757 3627 mundus
2780 3578 2903 3642 quia
2931 3585 2985 3628 tu
3010 3593 3088 3629 me
3112 3577 3315 3631 misisti.
3344 3577 3455 3633 Hoc
3483 3577 3728 3649 frequen~

2144 3672 2227 3717 ter
2259 3664 2421 3729 dicit,
2452 3674 2502 3718 ut
2537 3665 2785 3721 ostendat
2834 3682 3017 3737 pacem
3044 3670 3165 3739 plus
3194 3687 3349 3740 quam
3376 3672 3526 3741 signa
3559 3682 3728 3726 attra-

2144 3752 2295 3809 here.
2342 3755 2489 3809 Sicut
2523 3758 2667 3811 enim
2711 3760 2986 3813 contentio
3015 3760 3293 3828 dissolvit,
3341 3764 3410 3818 ita
3441 3763 3726 3818 concordia

2144 3847 2381 3916 copulat.
2414 3846 2480 3900 Et
2506 3848 2659 3902 dilexi
2685 3866 2801 3915 eos,
2834 3852 2962 3905 sicut
2988 3869 3067 3906 me
3096 3854 3337 3909 dilexisti.
3372 3855 3468 3910 llic
3516 3872 3726 3911 rursum

2145 3939 2296 3997 Sicut
2325 3941 2425 3996 hoc
2452 3941 2745 4013 signiﬁcat,
2772 3943 2920 4000 Sicut
2961 3945 3205 4001 homines
3248 3949 3415 4002 amari
3461 3958 3681 4018 possunt
3711 3968 3726 4004 :

2149 4034 2359 4104 signum
2383 4046 2559 4089 autem
2592 4037 2803 4093 amoris
2828 4047 2940 4102 est,
2971 4039 3111 4108 quod
3144 4054 3202 4093 se
3222 4055 3319 4110 pro
3357 4040 3463 4096 illis
3494 4041 3728 4097 tradide-

2150 4127 2236 4181 rit.
2267 4127 2401 4182 Cum
2434 4128 2656 4183 dixisset
2698 4145 2825 4199 ergo
2867 4130 2984 4185 illos
3022 4131 3072 4185 in
3115 4140 3228 4185 tuto
3260 4132 3401 4195 lore,
3434 4147 3534 4187 nec
3571 4147 3728 4187 ever-

2150 4219 2339 4275 tendos
2368 4235 2489 4275 esse
2510 4260 2525 4285 ,
2557 4231 2773 4275 sanctos
2802 4222 3011 4277 futuros
3032 4264 3047 4288 ,
3079 4224 3387 4293 multosque
3435 4239 3531 4294 per
3578 4224 3725 4294 ipsos

2144 4313 2444 4368 credituros
2488 4328 2642 4377 esse,
2694 4313 2816 4369 illos
2866 4315 2991 4368 item
3022 4330 3211 4386 magna
3257 4316 3515 4371 lruituros
3559 4316 3729 4387 gloria

2143 4422 2265 4463 esse
2289 4448 2305 4474 ,
2333 4422 2439 4461 nou
2482 4422 2542 4461 se
2569 4408 2745 4461 solum
2798 4407 2944 4477 ipsos
2983 4408 3239 4465 dilexisse
3263 4449 3280 4475 ,
3312 4409 3406 4464 sed
3438 4408 3597 4465 etiam
3627 4408 3729 4465 Pa-

2142 4510 2320 4562 trem;
2355 4500 2589 4572 loquitur
2613 4500 2827 4557 demum
2857 4502 2927 4558 de
2952 4502 3017 4557 iis
3045 4518 3162 4574 qua:
3192 4511 3313 4573 post
3344 4518 3624 4559 excessum
3658 4518 3728 4559 ex

2143 4591 2245 4648 hac
2286 4592 2394 4647 vita
2446 4591 2622 4646 futura
2663 4602 2828 4658 sunt,
2853 4593 2922 4649 de
2968 4596 3203 4665 praemiis
3230 4604 3283 4649 et
3309 4596 3562 4661 coronis,
3607 4610 3729 4665 quae

2143 4683 2277 4754 ipsis
2299 4683 2551 4753 reposita:
2579 4692 2723 4738 sunt.
2745 4684 2879 4739 Nam
2908 4685 3019 4739 ait:
3046 4684 3139 4740 24.
3171 4685 3329 4739 Pater
3352 4726 3368 4749 ,
3392 4702 3518 4751 quos
3547 4686 3729 4740 dedisti

2143 4776 2269 4830 mihi
2288 4818 2303 4843 ,
2331 4776 2443 4829 volo
2482 4785 2538 4828 ut
2574 4776 2658 4828 ubi
2699 4793 2808 4829 sum
2838 4793 2928 4846 ego
2953 4819 2969 4843 ,
3000 4788 3047 4832 et
3076 4778 3155 4831 illi
3182 4778 3281 4831 sint
3309 4794 3521 4831 mecum.
3573 4776 3728 4844 Quod

2151 4882 2282 4938 ergo
2312 4882 2527 4937 semper
2571 4868 2880 4938 qurerebant
2923 4868 3161 4925 dicentes
3181 4912 3195 4936 ,
3243 4871 3355 4938 Quo
3385 4872 3527 4925 vadis
3547 4872 3573 4925 ?
3600 4872 3726 4941 quid

2144 4960 2324 5015 dicis?
2378 4959 2430 5013 id
2464 4959 2708 5029 petendo
2758 4961 2957 5031 accipis
2978 5002 2993 5027 ,
3023 4973 3081 5017 et
3114 4964 3347 5018 nondum
3395 4963 3603 5019 habes?
3632 4980 3729 5018 cur

2149 5067 2277 5120 ergo
2337 5050 2556 5107 dicebas
2609 5055 2723 5119 eis,
2773 5052 3021 5109 Sedebitis
3072 5072 3225 5126 super
3272 5059 3414 5111 sedes
3462 5057 3727 5112 duodecim

2145 5144 2360 5215 (Matth.
2392 5144 2481 5199 19.
2503 5144 2640 5213 28)“ἒ
2662 5147 2930 5215 quomodo
2957 5148 3059 5202 alia
3087 5149 3354 5218 pollicitus
3393 5166 3454 5206 es
3493 5161 3549 5206 et
3573 5152 3725 5220 plura

2145 5245 2201 5291 et
2248 5235 2490 5303 majora?
2521 5236 2717 5302 viden’,
2767 5239 2938 5307 ipsum
2965 5241 3143 5295 omnia
3174 5256 3293 5296 sese
3320 5242 3727 5313 attemperando

2143 5328 2364 5382 dicere?
2393 5327 2525 5382 Nam
2554 5328 2823 5397 quomodo
2852 5330 3087 5396 dicebat,
3119 5331 3356 5402 Sequeris
3385 5345 3549 5388 autem
3577 5346 3723 5405 post-

2147 5437 2207 5474 ea
2253 5420 2431 5491 (Joan.
2465 5424 2553 5477 15.
2582 5422 2718 5493 36)?
2749 5423 2944 5478 Verum
2972 5425 3022 5480 id
3046 5427 3121 5479 ait
3145 5427 3210 5480 ad
3242 5427 3496 5496 majorem
3526 5431 3726 5484 amoris

2147 5516 2628 5572 conﬁrmationem.
2672 5517 2740 5574 Ut
2780 5518 2982 5573 videant
3021 5521 3301 5575 claritatem
3329 5539 3491 5575 meam
3515 5563 3530 5587 ,
3572 5540 3728 5592 quam

2145 5608 2330 5662 dedisti
2377 5608 2524 5663 mihi.
2569 5608 2909 5665 lterum-hoc
2935 5626 3046 5666 suae
3074 5626 3196 5667 cum
3227 5614 3383 5668 Patre
3426 5616 3728 5670 concordia:

2144 5708 2521 5771 argumentum
2553 5709 2674 5765 est;
2703 5701 2983 5758 sublimius
3009 5704 3224 5774 quidem
3256 5706 3524 5774 prioribus
3551 5706 3570 5776 (
3596 5709 3728 5761 Ante

2151 5793 2554 5847 constitutionem
2583 5794 2795 5863 mundi,
2824 5793 3057 5867 inquit),
3102 5795 3196 5852 sed
3233 5810 3354 5853 eum
3388 5797 3615 5869 quadam
3649 5809 3730 5853 ta-
