4126 6366
252 323 361 380 με

253 437 416 501 τοὺς,
450 436 511 490 ού
542 436 669 509 περὶ
696 438 795 509 τῆς
820 438 928 492 τῶν
957 440 1215 494 κινδύνων
1238 444 1553 515 ἀπαλλαγῆς
1583 462 1712 514 φησι
1737 445 1918 514 μόνον,

255 524 391 577 ἀλλά
412 525 647 596 καὶπερὶ
676 529 771 597 τῆς
807 530 864 580 ἐν
892 530 1070 582 πίστει
1102 533 1425 602 παραμονῆς
1450 549 1465 567 ο
1490 534 1570 587 διὸ
1593 536 1685 588 καὶ
1714 537 1921 606 ἐπήγα-

256 626 371 678 γεν·
415 613 685 680 Ἀγίασον
734 616 957 681 αὐτοὺς
1004 616 1073 669 ἐν
1122 617 1197 687 τῇ
1241 622 1495 690 ἀληθείᾳ
1544 640 1691 677 σου·
1733 625 1922 692 ἁγίους

256 698 480 768 ποίησον
526 699 613 753 διὰ
649 700 747 770 τῆς
776 701 867 754 τοῦ
904 704 1218 772 Πνεύματος
1262 707 1459 772 δόσεως
1489 711 1581 763 καὶ
1615 710 1723 763 τῶν
1748 711 1924 783 ὀρθῶν

256 786 559 855 δογμάτων.
595 788 802 858 Ὠσπερ
838 790 966 843 ὅταν
1005 791 1159 865 λέγῃ,
1204 797 1465 863 Καθαροί
1504 798 1645 852 ἐστε
1677 798 1775 853 διὰ
1815 800 1924 853 τὸν

254 873 460 941 λόγον,
488 873 561 926 ὃν
586 874 897 941 λελάληκα
926 878 1086 948 ὑμῖν,
1120 882 1213 934 καὶ
1236 881 1331 937 νῦν
1358 884 1420 937 τὸ
1447 886 1577 939 αὐτό
1606 903 1757 958 φησι’
1784 888 1921 941 Παί-

253 959 441 1012 δευσον
489 962 707 1024 αὐτοὺς,
761 963 969 1028 δίδαξον
1000 966 1098 1037 τὴν
1141 968 1419 1040 ἀλήθειαν.
1464 975 1574 1027 Καὶ
1622 973 1726 1045 μὴν
1766 976 1924 1029 τοῦτο

256 1045 400 1113 λέγει
432 1047 493 1134 τὸ
522 1047 743 1118 Πνεῦμα
772 1054 965 1106 ποιεῖν.
991 1054 1118 1118 Πῶς
1148 1052 1242 1109 οῦν
1268 1058 1399 1111 αὐτὸ
1422 1060 1572 1130 παρά
1597 1061 1690 1114 τοῦ
1713 1063 1924 1134 Πατρὸς

256 1134 398 1220 αἰτεῖ
426 1133 556 1200 νῦν;
589 1134 704 1189 Ἵνα
739 1137 917 1208 μάθῃς
944 1140 1104 1192 πάλιν
1128 1141 1225 1212 τὴν
1251 1144 1537 1214 ἰσοτιμίαν.
1561 1147 1641 1202 Τά
1664 1148 1771 1219 γὰρ
1789 1133 1925 1220 ὀρθά

254 1219 500 1289 δόγματα
535 1223 665 1292 περὶ
702 1222 837 1276 Θεοῦ
868 1226 1135 1297 λεγόμενα
1167 1231 1381 1298 ἁγιάζει
1412 1232 1508 1304 τὴν
1539 1234 1735 1305 ψυχήν.
1773 1219 1837 1289 Εἰ
1867 1237 1924 1290 δὲ

256 1306 398 1395 λόγῳ
443 1310 608 1378 φησὶν
651 1311 988 1379 ἀγιάζεσθαι,
1031 1316 1105 1386 μὴ
1144 1318 1450 1393 θαυμάσῃς.
1498 1322 1609 1375 Kal
1666 1325 1748 1377 ὅτι
1795 1326 1926 1395 περὶ

256 1394 543 1464 δογμάτων
571 1399 754 1468 φησὶν,
794 1402 1069 1471 ἐπήγαγεν
1093 1420 1107 1434 ·
1153 1404 1217 1457 '0
1239 1407 1422 1475 λόγος
1460 1411 1494 1462 ὁ
1530 1409 1643 1476 σὸς
1675 1394 1927 1480 ἀλήθειά

200 1494 222 1512 ι
415 1486 737 1572 ἶᾘτουτέστι,
776 1487 940 1541 Οὐδὲν
985 1489 1179 1558 ψεῦδος
1225 1494 1283 1546 ἐν
1316 1494 1485 1565 αὐτῷ,
1518 1497 1733 1561 πάντως
1772 1498 1924 1572 [484]

258 1568 315 1621 δὲ
339 1569 563 1641 ἐκϐῆναι
594 1572 675 1625 δεῖ
706 1574 881 1628 πάντα
918 1577 988 1630 τὰ
1017 1580 1280 1649 εἰρημένα
1301 1598 1315 1612 ·
1342 1584 1435 1637 καὶ
1474 1584 1555 1637 ὅτι
1585 1586 1738 1640 οὐδὲν
1768 1568 1927 1641 lum-‘-

166 1694 173 1697 -
260 1657 356 1710 κὸν
394 1658 543 1729 δηλοῖ
583 1662 765 1724 πάλιν,
794 1665 913 1717 ούδέ
942 1668 1252 1737 σωματικόν
1276 1686 1290 1701 °
1332 1670 1516 1732 καθὼς
1571 1675 1666 1728 καὶ
1714 1675 1926 1741 Παῦλός

260 1762 392 1814 φησι
427 1749 680 1834 περὶτῆς
728 1752 1081 1824 Ἐκκλησίαςο
1123 1756 1205 1809 ὅτι
1248 1758 1504 1825 Ἠγίασεν
1536 1762 1700 1831 αὐτὴν
1738 1764 1795 1815 ἐν
1823 1765 1923 1834 ῥή-

262 1850 413 1922 ματι.
442 1830 561 1890 Οἷδε
592 1838 697 1909 γὰρ
728 1841 820 1891 καὶ
857 1843 1007 1912 ῥῆμα
1035 1843 1168 1896 Θεοῦ
1212 1845 1514 1917 καθαίρειν.
1544 1830 1701 1903 Δοκεῖ
1738 1850 1794 1904 δέ
1824 1830 1925 1922 μοι

260 1920 354 1971 καὶ
400 1922 585 1994 ἕτερον
636 1926 826 1995 δηλοῦν
875 1929 955 1994 τὸ,
1020 1932 1302 2001 Ἀγίασον
1353 1935 1594 2002 αὐτοὺς,
1624 1939 1784 1991 οἱονεὶ
1838 1920 1923 2002 τὸ,

272 2008 556 2080 Ἀφόρισον
576 2013 771 2077 αὐτοὺς
793 2016 868 2086 τῷ
887 2017 1027 2088 λόγῳ
1051 2021 1141 2073 καὶ
1167 2020 1244 2092 τῷ
1266 2024 1601 2094 κηρύγματι.
1632 2027 1742 2078 Καὶ
1769 2027 1928 2080 τοῦτο

262 2095 423 2184 πάλιν
450 2098 514 2151 ἐκ
541 2099 647 2152 τῶν
687 2102 812 2173 ἐξῆς
839 2104 1015 2175 δῆλον.
1051 2108 1256 2174 Καθὼς
1283 2111 1391 2182 γάρ
1423 2112 1546 2179 ἐμὲ,
1580 2115 1761 2184 φησὶν,
1819 2115 1928 2168 ἁπ-

262 2181 541 2252 ἐστειλας
582 2190 668 2255 εἰς
702 2190 807 2243 τὸν
846 2195 1097 2261 κόσμον,
1141 2197 1301 2266 κάγὼ
1328 2181 1653 2254 ἀπέστειλα
1675 2202 1922 2268 αὐτούς·

261 2269 291 2321 ὃ
318 2269 463 2337 λέγει
492 2276 583 2329 καὶ
619 2275 846 2341 Παῦλος,
881 2282 1136 2349 Θέμενος
1170 2285 1242 2337 ἐν
1269 2285 1415 2354 ἡμῖν
1456 2287 1563 2340 τὸν
1600 2290 1785 2357 λόγον
1814 2287 1924 2356 τῆς

263 2362 669 2447 καταλλαγῆς.
718 2365 887 2437 ’Υπὲρ
917 2362 977 2421 οὗ
1019 2373 1126 2441 γάρ
1163 2374 1191 2425 ὁ
1225 2374 1459 2444 Χριστὸς
1497 2376 1741 2444 ἀφῖκται,
1787 2375 1926 2447 ὑπὲρ

263 2446 452 2501 τούτου
478 2456 571 2503 καὶ
590 2444 734 2506 οὗτοι
763 2454 861 2524 τὴν
888 2457 1214 2529 οἰκουμένην
1252 2462 1565 2516 κατέλαϐον.
1602 2463 1673 2517 Τὸ
1703 2463 1778 2525 δὲ,
1812 2444 1927 2517 κά.

264 2534 401 2600 θὼς,
432 2536 591 2590 πάλιν
617 2540 844 2595 ἐνταῦθα
869 2544 967 2614 οὐχ
993 2546 1301 2615 ὁμοιώσεως
1331 2550 1416 2604 ἐπ’
1444 2551 1605 2605 αὐτοῦ
1634 2564 1660 2593 ι
1692 2554 1786 2607 καὶ
1819 2553 1927 2608 τῶν

264 2622 576 2679 ἀποστόλων
597 2629 773 2682 κεῖται
795 2645 808 2660 ·
840 2631 982 2700 (πῶς
1004 2633 1112 2703 γὰρ
1138 2634 1312 2699 ἄλλως
1327 2632 1394 2707 ἦν
1424 2639 1701 2710 ἐγχωροῦν
1725 2641 1822 2695 ἀνθ
1832 2643 1930 2713 ρώ-

265 2724 389 2773 ποις
421 2712 825 2785 ἀποσταλῆναις
921 2719 1041 2782 ἔθος
1088 2720 1145 2774 δὲ
1195 2723 1343 2794 αὐτῷ
1379 2726 1473 2778 καὶ
1504 2727 1565 2779 τὸ
1614 2727 1803 2797 μέλλον
1835 2712 1929 2793 ίὼς

264 2798 485 2882 γεγονὸς
511 2799 706 2869 λέγειν.
736 2805 846 2858 Καὶ
868 2806 1020 2875 ὑπὲρ
1046 2808 1246 2863 αὐτῶν
1269 2811 1479 2881 ἁγιάζω
1503 2814 1779 2882 ἐμαυτὸν,
1830 2818 1931 2872 ἵνα

263 2877 417 2976 ῶσιν
443 2887 795 2959 ἡγιασμένοι
831 2894 903 2947 ἐν
934 2895 1009 2965 τῇ
1052 2877 1325 2969 ἀληθείᾳξ
1377 2902 1442 2954 Τί
1474 2877 1641 2970 ἐστιν,
1694 2877 1931 2976 Ἀγιάζω

263 2972 525 3039 ἐμαυτόν
540 2991 561 3039 ;
613 2979 915 3051 Προσφέρω
948 3000 1031 3036 σοι
1074 2985 1285 3042 θυσίαν.
1319 2990 1385 3042 Δί
1421 2990 1477 3042 δὲ
1526 2990 1705 3046 θυσίαι
1760 2972 1929 3048 πᾶσαι

267 3060 421 3150 ἀγιαι
441 3061 692 3150 λέγονται
708 3081 720 3093 °
746 3070 839 3122 καὶ
869 3072 1073 3142 κυρίως
1098 3075 1228 3141 ἅγια
1247 3076 1314 3128 τά
1329 3075 1406 3146 τῷ
1428 3076 1547 3148 Θεῷ
1575 3080 1926 3150 ἀνακείμενα.

279 3145 494 3239 Ἐπειδὴ
521 3151 629 3223 γὰρ
656 3153 717 3206 τὸ
754 3156 981 3211 παλαιὸν
1024 3160 1082 3212 ἐν
1126 3161 1280 3233 τύπῳ
1308 3165 1337 3216 ὁ
1375 3145 1640 3235 ἁγιασμὸς
1674 3163 1743 3239 ἦν
1771 3145 1828 3221 ἐν
1855 3168 1933 3239 τῷ

266 3235 577 3329 1390951395
603 3242 718 3293 vuvl
768 3243 825 3297 δὲ
864 3246 963 3299 ούκ
995 3246 1140 3300 ἐστιν
1174 3250 1201 3290 ι
1231 3252 1290 3305 ἐν
1330 3253 1504 3323 τύπῳ,
1548 3255 1662 3309 ἀλλ’
1699 3235 1840 3328 ἀὐτῇ
1865 3235 1932 3329 τῇ

266 3322 498 3414 ἀληθείᾳ
520 3344 534 3358 ο
563 3328 643 3382 διό
663 3348 825 3400 φησιν
845 3349 859 3363 ·
895 3334 1028 3388 Ἵνα
1055 3328 1209 3391 ὦσιν
1227 3322 1577 3411 ἡγιασμένοι
1597 3344 1668 3397 ἐν
1694 3344 1768 3413 τῇ
1788 3322 1935 3414 ιίληζ

266 3411 398 3477 θείῃ
431 3430 567 3469 σου.
598 3418 706 3470 Καὶ
728 3417 835 3489 γάρ
865 3422 959 3474 καὶ⁵
989 3423 1186 3487 αὐτούς
1222 3442 1304 3479 σοι
1333 3429 1623 3500 ἀνατίθημι
1666 3411 1761 3485 καί
1799 3411 1935 3486 ποιῶ

266 3503 607 3570 προσφοράν.
643 3506 797 3559 Ἤτοι
825 3507 911 3560 διὰ
934 3509 995 3561 τὸ
1026 3512 1122 3582 τὴν
1153 3514 1398 3586 κεφαλὴν
1441 3518 1599 3570 τοῦτο
1629 3520 1873 3587 γίνεσθαί
1909 3535 1931 3563 ο

268 3602 426 3679 φησι,
461 3588 615 3679 ῆ-διάν
627 3591 690 3679 τὸ
719 3594 811 3646 καί
841 3595 1038 3661 αὐτοὺς
1079 3598 1321 3656 θύεσθαι.
1363 3603 1758 3677 Παραστήσατε
1803 3609 1934 3679 γάρ,

269 3676 425 3742 φησὶ,
465 3677 531 3730 τὰ
556 3678 690 3750 μέλη
717 3681 869 3752 ὑμῶν
901 3686 1128 3739 Θυσίαν
1149 3686 1361 3752 ζῶσαν,
1394 3692 1571 3760 ἁγίαν
1588 3676 1617 3724 ’ν
1635 3697 1748 3760 καὶ,
1767 3676 1934 3750 Ἐλο-

192 3804 195 3807 γ
267 3766 563 3855 γίσθημεν
594 3769 674 3835 ὠς
713 3772 975 3840 πρόϐατα
1006 3779 1283 3848 σφαγῆς·
1328 3783 1439 3847 καὶ,
1486 3784 1670 3855 Χωρὶς
1708 3786 1937 3843 θανάτου

268 3853 462 3949 θυσίαν
490 3856 683 3949 αὐτοὺς
715 3860 1002 3949 ἐργάζεται
1035 3866 1128 3918 καὶ
1162 3870 1495 3938 προσφοράν.
1529 3853 1648 3926 Ὅτι
1694 3875 1802 3948 γάρ
1840 3879 1938 3949 τὴν

268 3939 463 4032 θυσίαν
495 3942 716 4013 ᾐνίξατο
733 3947 832 4019 τὴν
858 3950 1020 4004 αὐτοῦ
1045 3953 1238 4019 εἰπὼν,
1278 3957 1521 4026 Ἀγιάζω,
1552 3939 1716 4032 δῆλον.
1739 3939 1802 4016 ἐκ
1831 3939 1939 4018 τῶν

268 4030 419 4099 ἑξῆς.
481 4034 564 4085 Οὐ
615 4035 747 4102 περὶ
788 4040 1011 4092 τούτων
1043 4040 1111 4094 δὲ
1159 4044 1353 4111 ἐρωτῶ
1398 4030 1613 4116 μόνον,
1651 4052 1813 4105 ἀλλά
1839 4054 1938 4106 καὶ

268 4116 406 4208 περὶ
582 4126 987 4179 πιστευόντων
1024 4127 1121 4184 διὰ
1142 4131 1248 4186 τοῦ
1269 4135 1455 4203 λόγου
1483 4136 1682 4189 αὐτῶν
1700 4141 1788 4205 εἰς
1812 4138 1937 4208 ἐμέ.

284 4205 503 4292 Ἐπειδὴ
549 4208 658 4280 γὰρ
701 4212 842 4284 ὑπὲρ
881 4216 1059 4271 αὐτῶν
1098 4218 1439 4290 ἀπέθνησκεν
1474 4220 1634 4292 (εἷπε
1662 4226 1718 4279 δὲ
1755 4225 1804 4289 ά,
1840 4205 1934 4281 *ὅτι

283 4291 457 4385 ῘΥπὲρ
487 4297 687 4385 αὐτῶν
708 4301 919 4370 ἁγιάζω
943 4305 1205 4373 ἐμαυτόν
1220 4309 1260 4378 )·
1291 4310 1376 4364 ἵνα
1411 4291 1491 4382 μή
1512 4329 1595 4376 τις
1620 4314 1836 4385 νομίσῃ.
1859 4316 1940 4369 ὅτι

271 4380 418 4471 ῦπὲρ
469 4384 581 4438 τῶν
625 4388 935 4442 ἀποστόλων
979 4391 1136 4447 τοῦτο
1189 4395 1350 4466 μόνον
1401 4380 1591 4463 ἐποίει,
1625 4380 1938 4471 ἐπήγαγενο

266 4469 355 4521 Οὐ
383 4471 515 4538 περὶ
548 4473 773 4527 τούτων
802 4476 871 4530 δὲ
897 4477 1088 4546 ἐρωτῶ
1098 4483 1311 4551 μόνον,
1345 4485 1504 4539 ἀλλὰ
1540 4485 1638 4539 καὶ
1668 4469 1799 4555 περὶ
1825 4487 1944 4543 τῶν

272 4557 683 4614 πιστευόντων
701 4561 799 4617 διὰ
817 4565 924 4619 τοῦ
950 4569 1138 4637 λόγου
1162 4571 1361 4625 αὐτῶν
1392 4575 1479 4638 είς
1504 4571 1626 4642 ἐμέ.

349 4643 417 4714 β’.
447 4645 721 4702 Ἐντεῦθεν
739 4651 899 4706 πάλιν
918 4654 1210 4727 ἀνέστησεν
1231 4659 1409 4712 αὐτῶν
1428 4660 1528 4724 τὰς
1544 4661 1739 4733 ψυχὰς,
1764 4663 1943 4730 δείξας

276 4731 570 4803 ἐσομένους
602 4737 829 4802 πολλοὺς
865 4740 1130 4812 μαθητάς.
1186 4745 1404 4818 Ἐπειδὴ
1440 4731 1569 4819 γάρ,
1614 4731 1751 4822 ὅπερ
1800 4748 1945 4822 εἰχον

278 4822 575 4894 ἐξαίρετον,
606 4829 783 4882 κοινὸν
810 4830 1054 4900 ἐποίησε,
1100 4833 1264 4888 πάλιν
1292 4836 1488 4900 αὐτοὺς
1521 4839 1942 4910 παραμυθεῖται,

278 4911 456 4981 δηλῶν
479 4915 574 4967 καὶ
610 4915 710 4985 τῆς
740 4916 849 4970 τῶν
881 4917 1053 4972 ἄλλων
1078 4923 1348 4993 σωτηρίας
1394 4926 1711 4995 γινομένους
1750 4928 1946 4990 αὐτοὺς

280 5000 506 5061 αἰτίους.
534 5002 717 5058 Εἰπὼν
744 5004 800 5059 δέ
833 5009 1077 5079 καὶπερὶ
1100 5008 1198 5079 τῆς
1229 5012 1501 5082 σωτηρίας
1532 5012 1709 5065 αὐτῶν
1731 5014 1821 5066 καὶ
1850 5013 1944 5066 τοῦ

281 5090 608 5161 ἀγιασθῆναι
637 5095 702 5164 τῇ
732 5093 908 5148 πίστει
944 5096 1040 5149 καὶ
1076 5100 1143 5168 τῇ
1187 5097 1367 5168 θυσίᾳ,
1406 5100 1553 5168 λέγει
1598 5100 1781 5155 λοιπὸν
1817 5103 1945 5174 περὶ

281 5178 554 5245 ὁμονοίας,
579 5180 678 5235 καὶ
726 5182 809 5245 εἰς
845 5182 1001 5236 τοῦτο
1045 5182 1230 5236 λοιπὸν
1270 5186 1580 5239 κατακλείει
1631 5186 1722 5240 τὸν
1767 5187 1941 5256 λόγον,

284 5266 532 5319 ἐντεῦθεν
561 5268 882 5339 ἀρξάμενος,
914 5273 1009 5324 καὶ
1030 5274 1113 5347 εἰς
1136 5272 1266 5325 αὐτὸ
1285 5272 1589 5337 καταλύσας
1623 5286 1667 5329 θ.
1699 5277 1806 5329 Kal
1838 5277 1944 5348 γὰρ

286 5354 586 5424 ἀρχόμενός
608 5375 792 5428 φησιν,
837 5360 1128 5429 Ἐντολὴν
1149 5361 1367 5428 καινὴν
1401 5360 1605 5431 δίδωμι
1634 5362 1806 5431 ὐμῖνο
1853 5364 1946 5417 καὶ

286 5441 540 5505 ἐνταῦθα,
599 5446 723 5500 Ἵνα
747 5443 898 5502 ὦσιν
922 5448 1011 5513 ἓν,
1054 5449 1246 5514 καθὼς
1289 5449 1390 5513 σὺ,
1433 5449 1645 5517 Πάτερ,
1691 5451 1761 5503 ἐν
1795 5451 1945 5520 ἐμοὶ,

286 5530 387 5585 καὶ
410 5532 523 5600 ἐγὼ
549 5534 618 5586 ἐν
649 5536 964 5591 σοι’ἔΠάλιν
987 5538 1065 5603 τὸ,
1096 5538 1319 5602 Καθὼς,
1348 5537 1448 5590 οὐκ
1479 5537 1737 5608 ἀκριϐοῦς
1764 5536 1948 5602 ἐξισώ-

292 5635 431 5684 σεως
458 5621 545 5673 ἐπ’
572 5623 749 5677 αὐτῶν
767 5640 781 5655 ο
817 5626 937 5678 οὐδὲ
978 5626 1085 5698 γὰρ
1116 5626 1336 5679 δυνατὸν
1364 5625 1546 5689 αὐτοῖς
1577 5621 1644 5696 ἦν
1672 5625 1945 5691 τοσοῦτον,

352 5775 380 5804 ⁸
398 5774 592 5843 ﬂore].
610 5776 706 5843 ⁵ούχ
727 5777 1000 5843 ὁμοιώσεώς
1030 5777 1168 5843 ’ἐστιν
1186 5775 1275 5843 Δἐπ’
1305 5773 1489 5843 αὑτοῦ.Δ
1509 5837 1518 5843 Δ
1537 5775 1563 5814 b
1580 5774 1799 5843 Quidam
1832 5787 1948 5822 mss.

287 5836 376 5885 οῦκ
396 5839 499 5903 ἔτι..Δ
550 5839 571 5867 θ
594 5835 902 5903 ᾼΙίἷ-γίνεται.
926 5838 1056 5903 φησί.
1080 5837 1147 5903 ad
1172 5838 1266 5886 Alii
1292 5838 1434 5903 εἰπὼν
1580 5835 1671 5884 Hic
1713 5835 1951 5903 ξιίᾳιιξιιει-

288 5912 384 5946 nus
404 5900 557 5948 variat
585 5898 758 5958 Savil.,
790 5900 876 5949 sed
907 5897 1012 5950 sine
1046 5901 1148 5950 ullo
1171 5903 1219 5948 in
1252 5912 1307 5947 re
1349 5897 1647 5949 discrimine.
1721 5900 1743 5927 ε
1769 5897 1865 5946 Alii
1889 5898 1952 5951 εἰς

289 5960 406 6009 αὐτὸ
426 5962 726 6019 τελευτήσας.
769 6022 772 6026 ,

1301 323 1366 377 IN
1399 324 1711 381 JUANNEM
1746 324 1974 380 HOMIL.
2018 306 2302 382 Lxxxm
2331 328 2402 382 al.
2445 329 2680 385 LXXXI.

3589 329 3694 387 Mi.

2024 444 2139 497 ἀλλ’
2162 445 2239 508 ὼς
2258 446 2563 518 ἀνθρώποις
2586 448 2809 501 δυνατόν
2836 467 2850 480 ·
2887 447 3076 520 ὥσπερ
3100 449 3229 503 ὅταν
3256 450 3413 522 λέγῃ,
3439 453 3694 508 Γίνεσθε

2024 533 2410 601 οἰκτίρμονες,
2440 534 2521 600 ὠς
2546 538 2578 588 ό
2602 535 2803 603 Πατὴρ
2823 535 3007 604 ὑμῶν.
3033 537 3098 588 Τί
3126 536 3181 589 δέ
3205 538 3380 599 ἐστιν,
3406 539 3508 591 Ἐν
3524 538 3693 609 ἠμῖντ

2039 620 2127 673 Ἐν
2163 623 2229 690 τῇ
2274 621 2453 675 πίστει
2487 623 2554 693 τῇ
2594 624 2673 685 εἰς
2704 624 2873 693 ἡμᾶς.
2923 623 3138 691 Ἐπειδὴ
3187 624 3296 697 γὰρ
3342 625 3494 678 οὐδὲν
3519 626 3692 690 οὕτως

2027 708 2367 771 σκανδαλίζει
2401 710 2665 771 ἅπαντας,
2717 712 2791 773 ὼς
2820 710 2881 762 τὸ
2928 711 3276 776 διεσπάσθαι,
3326 712 3482 766 τοῦτο
3527 730 3695 767 κατα-

2025 794 2277 859 σκευάζει
2308 796 2446 850 ὥστε
2472 796 2723 865 γενέσθαι
2745 797 2821 852 ἓν.
2841 797 2907 850 Τί
2935 795 3065 867 οῦν;
3100 800 3299 869 ἤνυσεν
3335 799 3487 864 αὐτὸ,
3520 800 3689 871 φησί;

2024 880 2136 935 Kal
2162 883 2365 954 σφόδρα
2394 883 2611 955 ἤνυσεν.
2639 886 2911 947 ’Ἅπαντες
2933 885 3042 956 γὰρ
3066 886 3115 938 οἰ
3140 886 3228 939 διὰ
3249 886 3357 940 τῶν
3382 887 3693 942 ἀποστόλων

2023 968 2413 1035 πιστεύσαντες
2440 970 2497 1024 ἐν
2526 972 2685 1035 εἰσιν,
2720 974 2767 1024 εί
2792 971 2885 1024 καί
2906 989 3049 1035 τινες
3072 972 3131 1039 ἐξ
3160 972 3337 1026 αὐτῶν
3368 973 3695 1043 διεσπάσθη-

2025 1072 2144 1110 σαν.
2179 1057 2314 1109 Ούδέ
2346 1058 2455 1129 γὰρ
2491 1057 2648 1111 τοῦτο
2687 1058 2848 1111 αὑτὸν
2876 1056 3029 1130 [485]
3071 1058 3393 1129 παρέλαθεν,
3423 1058 3559 1112 ἀλλά
3597 1056 3695 1111 καὶ
3755 1103 3773 1138 ᾗ

2024 1142 2155 1194 αὐτὸ
2184 1146 2431 1213 προεῖπε,
2472 1143 2568 1198 καὶ
2607 1143 2774 1208 ἔδειξε
2815 1144 2914 1216 τῆς
2946 1145 3057 1198 τῶν
3086 1144 3388 1215 ἀνθρώπων
3424 1144 3694 1215 ῥᾳθυμίας

2023 1229 2103 1284 δν.
2144 1230 2275 1284 Ἵνα
2303 1235 2335 1285 ό
2359 1232 2587 1301 κόσμος
2614 1233 2939 1300 πιστεύσῃ,
2967 1231 3059 1286 ὅτι
3089 1234 3170 1285 σύ
3193 1249 3270 1301 με
3306 1231 3691 1295 ἀπέστειλας.
3764 1242 3774 1255 ’

2025 1318 2205 1390 Ὅπερ
2256 1314 2348 1372 οῦν
2406 1321 2499 1372 καὶ
2544 1320 2848 1391 ἀρχόμενος
2893 1318 3078 1387 ἔλεγεν
3104 1359 3119 1383 ,
3190 1320 3274 1372 ὅτι
3341 1320 3444 1373 Ἐν
3505 1319 3695 1380 τούτῳ

2024 1404 2355 1474 γνώσονται
2413 1406 2655 1473 πάντες,
2727 1407 2819 1460 ὅτι
2867 1407 2999 1476 ἐμοί
3046 1407 3190 1460 ἐστε
3251 1405 3529 1475 μαθηταὶ,
3583 1405 3695 1461 ἐὰν

2024 1493 2292 1560 ἀγαπᾶτε
2346 1493 2678 1561 ἀλλήλους.
2756 1494 2868 1548 Kal
2924 1493 3041 1556 πῶς
3100 1493 3351 1563 ἐντεῦθεν
3409 1493 3688 1548 πιστεύειν

2034 1579 2443 1650 έμελλον;”οτι
2474 1582 2573 1651 τῆς
2624 1584 2844 1652 εἰρήνης
2887 1576 2939 1634 εἴ
2992 1581 3144 1645 Θεὸς,
3183 1580 3370 1652 φησίν.
3418 1582 3516 1633 Ἂν
3575 1580 3689 1633 τοί-

2025 1684 2154 1728 νυν,
2229 1667 2371 1738 άπερ
2420 1668 2478 1732 ἐξ
2527 1661 2602 1722 ὧν
2650 1667 2873 1737 ἔμαθον,
2950 1667 3370 1739 διατηρήσωσιν,
3448 1665 3689 1719 εἴσονται

2023 1754 2115 1807 τὸν
2171 1754 2486 1809 διδάσκαλον
2521 1756 2631 1809 ἀπὸ
2681 1754 2790 1808 τῶν
2829 1754 3083 1825 μαθητῶν
3123 1758 3171 1808 οἰ
3227 1755 3516 1817 ἀκούοντες
3545 1772 3559 1787 ο
3595 1755 3690 1807 ἐὰν

2022 1840 2078 1893 δὲ
2139 1840 2434 1911 μάχωνται,
2490 1842 2589 1894 οὐκ
2651 1841 2864 1912 ἐροῦσιν
2894 1841 3169 1913 εἰρηνικοῦ
3200 1841 3337 1893 Θεοῦ
3386 1836 3524 1895 εἰναι
3585 1858 3689 1909 μα-

2027 1927 2225 1996 θητάς·
2283 1927 2357 1998 μὴ
2390 1928 2516 1982 ὄντα
2548 1929 2605 1981 δέ
2657 1946 2726 1998 με
2776 1929 3068 1999 εἰρηνικὸν,
3123 1928 3224 1981 οὐκ
3270 1927 3692 1998 ὁμολογήσουσιν

2026 2015 2361 2069 ἀπεστάλθαι
2403 2016 2556 2086 παρὰ
2601 2014 2716 2068 σοῦ.
2784 2017 2948 2086 Ὁρᾷς
2977 2015 3094 2079 πῶς
3129 2015 3290 2085 μέχρι
3320 2015 3504 2077 τέλους
3533 2012 3693 2065 τοῦτο

2027 2103 2433 2167 κατασκευάζει
2466 2102 2525 2155 τὸ
2560 2101 2698 2169 πρὸς
2732 2102 2822 2155 τὸν
2857 2103 3076 2172 Πατέρα
3109 2100 3490 2171 ὁμονοητικόν;
3519 2098 3693 2167 Κάγὼ

2027 2186 2142 2254 τὴν
2159 2188 2365 2253 δόξαν,
2385 2186 2464 2256 ῆν
2485 2188 2715 2253 ἔδωκάς
2737 2206 2859 2257 μοι,
2882 2187 3076 2240 ἔδωκα
3107 2187 3311 2253 αὐτοῖς
3327 2202 3339 2217 ·
3356 2186 3452 2256 τὴν
3473 2184 3560 2238 διὰ
3585 2182 3692 2237 τῶν

2029 2276 2288 2345 σημείων,
2333 2277 2433 2347 τὴν
2466 2274 2557 2328 διὰ
2598 2274 2703 2328 τῶν
2732 2275 3014 2345 δογμάτων
3047 2273 3098 2339 τ,
3150 2275 3244 2327 καὶ
3287 2274 3375 2327 ἵνα
3427 2273 3692 2344 όμόψυχοι

2027 2356 2178 2417 ῶσιν.
2210 2361 2358 2432 Αὕτη
2383 2362 2492 2433 γὰρ
2512 2362 2658 2426 δόξα.
2691 2362 2776 2415 ἵνα
2800 2356 2933 2415 ὦσιν
2953 2362 3031 2427 ἓν,
3055 2360 3151 2414 xal
3180 2360 3285 2413 τῶν
3308 2359 3545 2431 σημείων
3573 2359 3693 2429 μείο

2028 2450 2157 2515 ζων.
2186 2450 2396 2521 ’Ὠσπερ
2434 2450 2542 2520 γὰρ
2574 2452 2667 2503 καὶ
2697 2450 2788 2503 τὸν
2820 2451 2952 2503 Θεὸν
2990 2448 3357 2520 θαυμάζουσιν
3404 2451 3453 2511 8,
3482 2449 3563 2501 ὅτι
3590 2447 3691 2499 ούκ

2028 2538 2143 2591 ἔστι
2169 2538 2376 2603 στάσις,
2429 2538 2549 2592 οὐδὲ
2580 2539 2726 2610 μάχη
2754 2541 2904 2609 παρά
2933 2540 2997 2609 τῇ
3037 2537 3424 2607 φύσειέκείνῃ,
3451 2535 3545 2588 καὶ
3593 2551 3692 2605 με-

2028 2622 2188 2692 γίστη
2224 2622 2361 2692 αὕτη
2396 2622 2554 2689 δόξαο
2592 2622 2750 2676 Οὕτω
2780 2624 2873 2677 καὶ
2898 2616 3064 2687 οῦτοι,
3096 2622 3283 2692 φησὶν,
3325 2618 3573 2674 ἐντεῦθεν
3596 2634 3690 2687 γε-

2029 2705 2303 2761 νέσθωσαν
2330 2706 2600 2776 λαμπροί.
2634 2707 2742 2759 Kal
2781 2704 2898 2768 πῶς
2934 2704 3027 2758 τὸν
3055 2703 3293 2775 Πατέρα,
3342 2702 3527 2773 φησὶν,
3556 2700 3697 2753 αἰτεῖ

2028 2791 2188 2846 τοῦτο
2216 2791 2398 2845 δοῦναι
2426 2794 2627 2856 αὐτοῖς,
2664 2792 2826 2855 αὐτὸς
2851 2791 2982 2845 αὐτὸ
2997 2790 3171 2861 λέγων
3192 2791 3421 2852 διδόναι;
3448 2789 3569 2841 Είτε
3585 2789 3697 2858 γὰρ

2030 2880 2162 2951 περί
2195 2880 2453 2949 σημείων,
2494 2880 2604 2933 εῐτε
2645 2880 2775 2950 περὶ
2800 2880 3070 2950 ὁμονοίας,
3115 2880 3224 2931 εἴτε
3258 2879 3388 2948 περὶ
3421 2878 3641 2948 εἰρήνης
3663 2876 3697 2927 ὀ

2030 2965 2187 3034 λόγος
2214 2965 2383 3036 αὐτῷ,
2420 2967 2667 3035 φαίνεται
2698 2966 2859 3029 αὐτὸς
2885 2967 3067 3029 αὐτοῖς
3096 2964 3268 3019 ταῦτα
3305 2960 3689 3034 παρεσχηκώς.

2032 3053 2197 3107 Ὅθεν
2225 3053 2382 3124 δῆλον
2401 3050 2491 3126 ἦν,
2526 3056 2607 3108 ὅτι
2630 3054 2982 3124 παραμυθίας
3009 3054 3194 3106 ἕνεκεν
3221 3052 3319 3122 τῆς
3342 3050 3519 3104 αὐτῶν
3548 3051 3581 3120 ή
3608 3049 3695 3101 αἰ-

2032 3157 2189 3209 τησις
2215 3141 2441 3207 γίνεται.
2491 3140 2637 3211 Ἐγὼ
2664 3142 2734 3194 ἐν
2762 3140 2992 3206 αὐτοῖς,
3024 3141 3123 3193 καὶ
3156 3138 3238 3192 σὺ
3275 3140 3346 3191 ἐν
3382 3137 3532 3206 ἐμοί.
3569 3135 3698 3199 Πῶς

2034 3227 2201 3281 ἔδωκε
2226 3226 2323 3297 τὴν
2355 3226 2509 3291 δόξαν
2531 3244 2545 3291 ;
2585 3230 2673 3282 Ἐν
2700 3230 2885 3293 αὐτοῖς
2912 3226 3221 3298 γενόμενος,
3250 3225 3457 3279 καὶτὸν
3479 3222 3699 3294 Πατέρα

2035 3314 2175 3385 ἔχων
2211 3315 2331 3385 μεθ’
2359 3315 2573 3378 ἐαυτοῦ,
2604 3316 2743 3369 ὥστε
2766 3315 2967 3378 αὐτοὺς
2994 3315 3023 3355 h
3053 3315 3391 3385 συγκροτεῖν.
3442 3309 3697 3381 Ἀλλαχοῦ

2034 3403 2091 3456 δὲ
2116 3403 2213 3472 οὐχ
2237 3403 2380 3456 οὓτω
2410 3403 2573 3472 φησίν
2594 3418 2607 3431 ·
2647 3404 2707 3455 ού
2749 3403 2857 3473 γὰρ
2882 3402 2971 3455 διὰ
3003 3402 3169 3455 αὐτοῦ
3208 3402 3299 3453 τὸν
3328 3399 3548 3471 Πατέρα
3590 3414 3699 3451 πα⁴

2037 3490 2377 3565 ραγίνεσθαι,
2424 3490 2540 3543 ἀλλ’
2583 3489 2745 3543 αὐτὸν
2780 3488 2993 3541 καὶτὸν
3041 3488 3258 3557 Πατέρα
3302 3486 3701 3558 παραγίνεσθαι

2035 3580 2133 3633 καὶ
2166 3579 2332 3649 μονὴν
2354 3579 2486 3648 παρ’
2514 3576 2661 3647 αύτῷ
2691 3578 2865 3628 ποιεῖν
2885 3592 2898 3605 ·
2917 3576 3033 3627 ἐκεῖ
3055 3574 3152 3645 μὲν
3172 3575 3233 3628 τὸ
3260 3573 3352 3626 τοῦ
3387 3572 3700 3637 Σαϐελλίου,

2036 3668 2269 3722 ἐνταῦθα
2302 3669 2317 3707 i
2358 3665 2415 3718 δέ
2458 3664 2665 3735 Ἀρείου
2694 3664 2792 3731 τὴν
2837 3662 3090 3715 ὑπόνοιαν
3120 3660 3380 3732 ἀναιρῶν.
3420 3660 3555 3714 Ἵνα
3591 3654 3703 3712 ὦσι

2036 3752 2472 3824 τετελειωμένοι
2501 3754 2587 3817 είς
2630 3751 2694 3803 τὸ
2717 3750 2806 3813 ἓν,
2834 3750 2936 3802 ἵνα
2960 3748 3222 3818 γινώσκῃ
3266 3750 3298 3801 ό
3337 3749 3564 3815 κόσμος
3610 3745 3701 3798 ὅτι

2037 3845 2118 3899 σύ
2135 3860 2211 3913 με
2232 3842 2616 3906 ἀπέστειλας.
2636 3838 2882 3908 Συνεχῶς
2903 3835 3034 3891 αὐτὸ
3053 3836 3222 3904 λέγει,
3239 3834 3450 3895 δεικνὺς
3474 3832 3703 3904 σημείου

2042 3932 2244 4003 μᾶλλον
2273 3930 2372 4000 τὴν
2409 3931 2633 4000 εἰρήνην
2666 3925 2971 3996 δυναμένην
3028 3922 3458 3977 ἐπισπάσασθαι.
3495 3921 3704 3992 Ὥσπερ

2038 4020 2149 4091 γάρ
2182 4021 2215 4088 ἠ
2250 4015 2405 4088 έριςὶ
2447 4015 2776 4077 διαλυτικὸν,
2803 4012 2975 4076 οὕτως
3012 4013 3046 4083 ὴ
3090 4010 3378 4082 συμφωνία
3402 4025 3707 4079 συγκροτη-

2037 4108 2207 4161 τικόν.
2242 4105 2348 4161 Καὶ
2374 4103 2661 4173 ἠγάπησα
2703 4101 2945 4166 αὐτοὺς,
2986 4099 3179 4165 καθὼς
3216 4098 3320 4169 ἐμὲ
3358 4096 3706 4168 ἠγάπησας.

2040 4196 2207 4250 Πάλιν
2234 4192 2467 4248 ἐνταῦθα
2493 4192 2573 4253 τὸ,
2611 4189 2835 4257 Καθὼς,
2868 4189 2942 4252 ὡς
2980 4187 3263 4258 ἄνθρωπον
3297 4187 3325 4227 ι
3356 4183 3709 4256 ἀγαπηθῆναι

2042 4284 2306 4354 ἐγχωρεῖ’
2361 4280 2457 4333 καὶ
2501 4280 2802 4349 τεκμήριον
2828 4276 2929 4347 τῆς
2962 4274 3203 4344 ἀγάπης,
3231 4273 3294 4327 τὸ
3328 4272 3517 4326 ἑαυτὸν
3558 4271 3703 4342 ὑπὲρ

2042 4370 2222 4425 αὐτῶν
2253 4368 2456 4423 δοῦναι.
2490 4365 2674 4420 Εἰπὼν
2722 4364 2921 4428 τοίνυν,
2963 4364 3046 4416 ὅτι
3080 4361 3294 4415 ἔσονται
3328 4362 3386 4413 ἐν
3414 4358 3706 4429 ἀσφαλείᾳ,
3788 4356 3794 4365 ’

2044 4458 2125 4511 ὅτι
2167 4458 2231 4511 οὐ
2275 4453 2799 4527 περιτραπήσονται,
2829 4451 2913 4504 ὅτι
2942 4449 3155 4502 ἔσονται
3197 4447 3364 4515 ἅγιοι,
3396 4446 3478 4499 ὅτι
3513 4443 3704 4499 πολλοὶ

2044 4545 2397 4600 πιστεύσουσι
2428 4542 2495 4595 δι’
2529 4539 2731 4605 αὐτῶν,
2753 4540 2835 4593 ὁτι
2865 4538 3066 4607 πολλῆς
3102 4533 3497 4589 ἀπολαύσονται
3525 4532 3706 4603 δόξης,

2044 4636 2125 4688 ὅτι
2154 4634 2255 4687 οὐκ
2277 4630 2438 4694 αὐτὸς
2462 4628 2660 4691 αὐτοὺς
2675 4626 2933 4698 ἠγάπησε
2968 4624 3147 4694 μόνος,
3170 4620 3307 4674 ἀλλά
3326 4622 3419 4674 καὶ
3446 4622 3475 4674 ὁ
3494 4619 3705 4692 Πατὴρ,

2043 4722 2193 4791 λέγει
2224 4719 2411 4772 λοιπὸν
2445 4717 2541 4771 καὶ
2564 4715 2693 4786 περὶ
2722 4713 2832 4767 τῶν
2867 4712 3004 4782 μετά
3035 4710 3135 4780 τὴν
3166 4707 3413 4762 ἐντεῦθεν
3446 4707 3464 4747 1
3496 4708 3708 4778 ἀποδη-

2049 4811 2198 4882 μίαν,
2233 4807 2361 4877 περὶ⁸
2391 4806 2499 4858 τῶν
2523 4802 2790 4876 βραϐείων
2810 4801 2904 4854 καὶ
2930 4797 3038 4852 τῶν
3065 4798 3341 4865 στεφάνων
3356 4795 3464 4849 τῶν
3484 4795 3709 4849 ὑποκει-

2050 4897 2227 4967 μένων
2238 4895 2442 4956 αύτοῖς.
2460 4891 2650 4959 Πάτερ
2670 4889 2804 4959 γὰρ,
2840 4886 3026 4957 φησὶν,
3046 4885 3153 4951 οὓς
3175 4882 3401 4949 ἔδωκάς
3416 4901 3540 4953 μοι,
3558 4883 3711 4938 θέλω

2046 4986 2148 5040 ἵνα
2175 4984 2327 5037 ὅπου
2350 4982 2465 5051 εἰμί
2494 4980 2627 5049 ἐγὼ,
2652 4978 2751 5031 καί
2780 4975 2950 5030 αὐτοὶ
2971 4970 3143 5029 ὦσιν.
3170 4974 3346 5042 Ὅπερ
3374 4967 3465 5025 οῦν
3487 4969 3713 5041 ἐζήτουν

2047 5073 2134 5127 ἀεὶ
2162 5072 2428 5133 λέγοντες.
2457 5068 2580 5122 Ποῦ
2602 5066 2853 5134 ὑπάγεις
2874 5080 2893 5127 ;
2915 5064 2965 5117 τί
2994 5062 3203 5132 λέγεις;
3229 5060 3385 5114 τοῦτο
3415 5063 3471 5114 ἐν
3498 5061 3713 5130 αἰτήσει

2047 5158 2367 5231 λαμϐάνεις,
2402 5157 2496 5209 καὶ
2525 5154 2734 5209 οὐδέπω
2777 5153 2959 5223 Exue;
3004 5152 3121 5214 πῶς
3148 5146 3238 5203 οὖν
3273 5150 3455 5211 αὐτοῖς
3499 5148 3710 5215 ἔλεγες,

2048 5246 2402 5315 Καθήσεσθε
2419 5242 2515 5295 ἐπὶ
2537 5240 2763 5294 δώδεκα
2790 5241 3075 5307 θρόνους;
3097 5237 3211 5300 πῶς
3229 5238 3389 5307 ἕτερα
3405 5234 3715 5304 ἐπηγγείλω

2050 5335 2270 5389 πλείονα
2318 5332 2411 5385 καὶ
2462 5328 2665 5400 μείζω;
2721 5329 2851 5399 ὁρᾷς
2897 5327 2980 5379 ὅτι
3031 5326 3206 5377 πάντα
3254 5321 3714 5389 συγκαταϐάσεως

2049 5426 2234 5479 ἕνεκεν
2268 5421 2419 5489 λέγει
2448 5430 2521 5487 ω;
2566 5419 2718 5472 Ἐπεὶ
2752 5417 2867 5481 πῶς
2926 5416 3129 5484 ἔλεγεν,
3173 5410 3625 5476 Ἀκολουθήσεις
3646 5409 3717 5463 δὲ

2118 5588 2137 5625 τ
2161 5587 2258 5637 Alii
2285 5584 2615 5650 8l8a7pdtwv._
2663 5582 2691 5622 8
2721 5580 2881 5642 Aliqui
2910 5578 3218 5650 θαυμάζομεγ,
3302 5573 3522 5650 ξηοῐειι.
3548 5572 3719 5650 ὼς-αύς

2048 5651 2172 5706 τούς.
2224 5636 2338 5715 Any
2367 5636 2642 5715 σὺῆςιροιτεῖν
2680 5657 2771 5715 pr0_
2797 5636 3128 5715 ixgxgoig‘im;
3150 5639 3254 5715 illa}
3279 5637 3357 5707 upl
3381 5636 3719 5715 πείθειν-Ἦλιν

2051 5773 2183 5823 Ευιτ.
2255 5784 2270 5809 ι
2298 5773 2392 5819 Alii
2414 5773 2473 5817 τὰ
2490 5773 2583 5814 τῶν
2603 5773 2865 5813 Σαϐελλίων
2885 5773 3195 5822 ἐπιστομίζων
3230 5773 3461 5823 στοματα,
3482 5773 3573 5807 εντ.
3596 5773 3715 5805 Inlu.

2051 5834 2243 5893 quidam
2276 5832 2462 5895 Ἀρείου
2484 5831 2566 5884 τήν
2589 5829 2766 5874 ἄνοιαν.
2796 5886 2806 5896 ⁸
2839 5826 2852 5874 i
2887 5826 2981 5873 Alii
3011 5826 3041 5878 ἡ
3074 5824 3312 5931 διαίρεσις.
3380 5822 3406 5862 k
3440 5819 3724 5884 Legebalnr

2052 5897 2289 5931 Mannum
2352 5888 2646 5931 Savilinnnm
2694 5889 2958 5931 lectionem
3014 5892 3336 5931 annuimus.
3385 5884 3513 5931 Eorr.
3584 5878 3605 5919 1
3640 5878 3724 5930 Sic

2052 5878 2646 5958 ἇζόρᾧξοςῖίξςξγὶιίσιιοηι
2669 5886 2958 5958 ᾂιᾳεειίοιιρηι
2998 5878 3336 5958 ρτβτμιίἱφιιε.
3385 5878 3539 5933 Ευιϊ.⁷
3584 5878 3605 5919 1
3640 5878 3724 5930 Sic

2056 5946 2188 6019 recle
2218 5946 2370 6005 Salvil.
2394 5953 2540 6015 Vulg.
2564 5946 2773 6001 ἐνταῦθα.
2799 5949 2931 5999 Enn.
2998 5946 3037 5976 ¹¹³
3056 5946 3155 5998 Alii
3181 5947 3377 6011 λέγετον
