4126 6366
419 340 527 401 λιες

419 548 700 615 ἐνδείξεως
722 555 942 625 ἀγάπης
961 557 1117 611 τοῦτό
1134 577 1318 629 φησιν.
1345 560 1470 614 Ἵνα
1486 559 1745 628 θεωρῶσι
1767 561 1883 627 τὴν
1896 560 2086 624 δόξαν

417 638 535 706 τὴν
558 641 729 710 ἐμὴν,
753 643 834 712 ἣν
861 646 1089 715 ἔδωκάς
1129 667 1251 719 μοι.
1298 650 1470 703 Πάλιν
1508 649 1668 703 τοῦτο
1698 648 1793 702 τοῦ
1826 649 1962 720 πρὸς
1993 651 2084 703 τὸν

419 726 641 799 Πατέρα
667 732 910 801 ὁμονοεῖν
935 740 1180 807 σημεῖον,
1205 738 1535 808 ὑψηλότερον
1561 736 1658 809 μὲν
1672 737 1782 790 τῶν
1808 737 2088 807 προτέρων

420 815 564 884 (Πρὸ
600 821 934 889 καταϐολῆς
963 824 1073 896 γάρ
1109 827 1364 895 κόσμου.
1396 825 1604 896 φησὶν),
1634 825 1757 895 έχον
1772 824 1830 878 δέ
1849 843 1968 878 τινα
1996 825 2089 877 καὶ

418 902 551 956 αὐτὸ
578 909 1011 975 ωγκατάϐασιν·
1045 913 1308 980 Ἕδωκας
1330 915 1439 985 γάρ
1466 931 1567 982 μοι
1603 912 1773 979 λέγει·
1811 912 1873 965 Et
1919 912 1975 965 δὲ
2013 912 2087 984 μὴ

416 991 574 1046 τοῦτό
606 996 777 1061 ἐστιν,
820 999 991 1069 ἡδέως
1030 1000 1097 1055 ἂν
1135 1002 1363 1074 ἐροίμην
1407 1001 1560 1065 τοὺς·
1585 1000 1997 1068 ἀντιλέγοντας·
2060 1002 2087 1053 6

416 1078 615 1145 διδοὺς.
666 1085 938 1154 ὑφεστῶτί
978 1105 1083 1142 τινι
1113 1089 1363 1143 δίδωσιν·
1400 1086 1491 1161 ἆρ’
1534 1084 1627 1142 οὑν
1657 1088 1876 1158 πρῶτον
1923 1087 2087 1142 αὑτὸν

416 1172 707 1241 γεννήσας,
733 1171 959 1246 ὕστερον
974 1175 1072 1246 τὴν
1087 1177 1244 1241 δόξαν
1267 1177 1455 1240 ἔδωκε,
1481 1177 1745 1249 πρότερον
1765 1177 1918 1244 ἀφεὶς
1946 1170 2085 1228 εἶναι

416 1256 633 1326 ἄδοξον;
657 1260 769 1313 Καὶ⁵
795 1263 911 1326 πῶς
932 1262 996 1316 ἂν
1018 1263 1132 1334 ἔχοι
1160 1264 1316 1333 λόγον
1342 1282 1357 1330 ;
1387 1265 1549 1335 Ὁρᾷς
1576 1262 1659 1317 ὅτι
1685 1263 1764 1327 τὸ,
1798 1262 2082 1327 Ἔδωκεν,

428 1343 751 1417 Ἐγέννησέν
785 1350 931 1415 ἐστι;
964 1352 1118 1404 Διατί
1141 1352 1197 1404 δὲ
1225 1352 1299 1422 μὴ
1332 1347 1504 1412 εἶπεν,
1538 1353 1653 1405 Ἵνα
1684 1350 1952 1422 μετέχωσι
1984 1350 2084 1419 τῆς

414 1430 593 1503 δόξης,
611 1433 747 1501 ἀλλ’,
782 1436 916 1491 Ἵνα
942 1436 1203 1504 θεωρῶσι
1220 1438 1335 1504 τὴν
1362 1438 1586 1503 δόξαν;

484 1519 555 1587 γ’.
606 1521 870 1577 Ἐνταῦθα
906 1526 1225 1585 αἰνίττεται,
1251 1526 1335 1588 ὅτι
1362 1527 1394 1596 ἡ
1420 1528 1568 1579 πᾶσα
1600 1526 1906 1587 ἀνάπαυσις
1937 1523 2075 1594 αῦτη

414 1606 553 1670 ἐστὶ,
576 1609 637 1662 τὸ
657 1611 880 1682 θεωρεῖν
900 1614 979 1677 εἰς
995 1614 1085 1666 τὸν
1106 1615 1232 1667 Υἱὸν
1248 1614 1343 1667 τοῦ
1370 1613 1527 1667 Θεοῦ.
1547 1614 1718 1667 Τοῦτο
1732 1613 1862 1680 γοῦν
1888 1613 1981 1665 καὶ
1996 1612 2081 1665 6o-

414 1693 832 1760 ξάζεσθαιποιεῖ
850 1719 863 1732 ·
889 1701 1024 1754 ὃκαὶ
1042 1701 1255 1765 Παῦλός
1278 1719 1444 1772 φησιν
1462 1718 1475 1731 ·
1508 1700 2083 1767 ’Δνακεκαλυμμένφ

413 1783 711 1853 προσώπῳ
730 1786 844 1854 τὴν
858 1788 1048 1852 δόξαν
1067 1790 1287 1857 Κυρίου
1310 1787 1851 1856 κατοπτριζόμενοι.
1871 1786 2080 1855 ’Ὥσπερ

412 1869 523 1940 γὰρ
552 1872 601 1923 οἱ
631 1873 766 1944 πρὸς
796 1874 1019 1937 ἀκτῖνας
1050 1875 1382 1946 θεωροῦντες
1416 1877 1510 1929 καὶ
1534 1876 1697 1945 ἀέρος
1717 1872 2080 1935 ἀπολαύοντες

412 1955 763 2024 λεπτοτάτου,
785 1962 893 2015 ἀπὸ
920 1963 1017 2032 τῆς
1033 1962 1207 2031 ὅψεως
1225 1962 1438 2033 έχουσιν
1459 1962 1557 2032 τὴν
1587 1960 1883 2014 ἀπόλαυσιν
1902 1973 1916 1987 ⁸
1939 1956 2079 2011 οὕτω

412 2047 506 2098 καὶ
542 2048 685 2109 τότε,
726 2048 819 2101 καὶ
850 2049 1029 2120 πολλῷ
1053 2050 1236 2103 πλεῖον
1266 2062 1292 2090 α
1323 2049 1478 2103 τοῦτο
1502 2050 1631 2119 ἡμῖν
1660 2048 1957 2119 ἐργάσεται
1980 2046 2079 2115 τὴν

411 2132 624 2205 ἡδονήν.
662 2134 814 2205 Ἀμα
857 2136 914 2189 δὲ
946 2137 1041 2189 καὶ
1068 2136 1361 2199 δείκνυσιν,
1401 2137 1481 2189 ὅτι
1532 2136 1592 2188 οὑ
1636 2134 1796 2188 τοῦτό
1849 2137 1965 2187 ἐστι
2017 2132 2079 2185 τὸ

409 2218 705 2291 ὁρώμενον,
730 2222 865 2276 ἀλλά
895 2224 1095 2295 φρικτή
1124 2241 1209 2287 τις
1236 2223 1391 2277 οὑσία
1423 2223 1471 2275 ιι.
1511 2221 1701 2289 Πάτερ
1731 2222 1944 2286 δίκαιε,
1978 2219 2075 2274 καὶ

410 2311 445 2361 ό
477 2310 704 2379 κόσμος
725 2326 798 2364 σε
819 2313 930 2365 οὐκ
971 2311 1142 2381 ἔγνω.
1173 2310 1239 2363 Τί
1270 2310 1518 2380 βούλεται
1545 2310 1737 2374 τοῦτο;
1775 2309 1934 2361 ποίαν
1965 2307 2078 2377 ἔχει

408 2395 507 2468 τὴν
535 2398 889 2465 ἀκολουθίαν;
924 2399 1209 2453 Δείκνυσιν
1237 2398 1471 2451 ἐνταῦθα
1495 2396 1700 2469 μηδένα
1722 2396 1901 2449 εἰδότα
1921 2395 2074 2461 Θεὸν,

409 2484 524 2538 ἀλλ’
558 2484 591 2555 ἢ
635 2486 794 2555 μόνον
820 2488 947 2549 τοὺς
972 2486 1063 2538 τὸν
1107 2486 1236 2539 Υἱὸν
1274 2486 1679 2555 ἐπεγνωκότας.
1714 2486 1779 2536 Ὃ
1808 2483 1864 2535 δέ
1905 2482 2074 2549 λέγει,

406 2572 648 2625 τοιοῦτόν
678 2574 825 2626 ἐστιν
848 2591 863 2604 ·
906 2572 1242 2642 Ἐϐουλόμην
1282 2571 1528 2634 ἅπαντας
1562 2569 1720 2624 τοῦτο
1759 2565 1917 2623 εἶναι.
1960 2566 2075 2622 ἀλλ’

406 2656 508 2710 οὑκ
555 2654 797 2723 ἔγνωσάν
829 2674 912 2721 σε,
952 2656 1130 2709 καίτοι
1174 2656 1324 2709 οὐδὲν
1358 2654 1573 2727 ἔχοντες
1598 2653 1869 2722 ἐγκαλεῖν.
1903 2652 2077 2705 Τοῦτο

406 2744 516 2814 γάρ
543 2746 680 2806 ἐστι,
713 2743 905 2812 Πάτερ
927 2744 1140 2799 δίκαιε.
1186 2743 1453 2797 Ἐνταῦθά
1482 2760 1572 2813 μοι
1592 2741 1739 2794 δοκεῖ
1770 2741 1864 2794 καὶ
1886 2740 2074 2809 δυσχε-

410 2835 608 2904 ραίνων
637 2834 808 2886 ταῦτα
846 2833 1048 2901 λέγειν,
1078 2834 1158 2886 ὅτι
1192 2832 1284 2885 τὸν
1313 2831 1484 2895 οὕτως
1511 2830 1711 2899 ἀγαθὸν
1744 2830 1837 2882 καὶ
1867 2828 2076 2882 δίκαιον

406 2922 509 2975 οὑκ
533 2921 803 2993 ἠθέλησαν
839 2920 1159 2989 ἐπιγνῶναι.
1204 2919 1426 2988 Ἐπειδὴ
1462 2920 1567 2989 γὰρ
1622 2917 1864 2970 Ἰουδαῖοι
1892 2917 2076 2984 ἔλεγον

405 3006 499 3061 τὸν
517 3007 650 3062 Θεὸν
685 3008 904 3071 εἰδέναι,
928 3007 1087 3060 αὑτὸν
1108 3006 1165 3060 δὲ
1199 3006 1273 3077 μὴ
1301 3006 1499 3059 εἰδέναι
1529 3016 1575 3070 ο,
1608 3006 1744 3075 πρὸς
1762 3005 1919 3057 τοῦτο
1944 3005 2078 3057 ἀπο-

404 3096 640 3150 τείνεται
685 3096 883 3165 λέγων,
929 3096 1011 3148 ὅτι
1057 3093 1406 3163 Ἠγάπησάς
1456 3110 1534 3162 με
1577 3092 1692 3159 πρὸ
1736 3089 2076 3158 καταϐολῆς

404 3188 660 3256 κόσμου,
689 3185 982 3253 ἀπολογίαν
1011 3182 1280 3245 συντιθεὶς
1317 3183 1456 3251 πρὸς
1481 3180 1580 3244 τὰς
1606 3180 1937 3252 κατηγορίας
1976 3180 2075 3245 τὰς

419 3272 741 3334 ἰουδαῖκάς.
786 3272 845 3324 '0
876 3270 985 3342 γάρ
1010 3270 1168 3336 δόξαν
1197 3268 1399 3333 λαϐὼν,
1439 3270 1467 3320 ὁ
1499 3267 1806 3337 ἀγαπηθεὶς
1838 3268 1943 3338 πρὸ
1977 3285 2077 3320 κα-

402 3358 641 3427 ταϐολῆς
668 3357 897 3427 κόσμου,
946 3357 975 3409 ό
1028 3358 1309 3427 μάρτυρας
1345 3354 1663 3425 βουλόμενος
1703 3356 1844 3425 ἐχειν
1878 3355 2075 3419 αὐτοὺς

404 3447 502 3518 τῆς
525 3447 682 3516 δόξης
704 3446 938 3517 ἐκείνης,
964 3444 1083 3507 πῶς
1114 3443 1354 3507 ἐναντίος
1377 3438 1445 3514 ἦν
1466 3442 1543 3514 τῷ
1564 3444 1768 3517 Πατρί;
1794 3443 1868 3495 Οὑ
1896 3444 2076 3497 τοίνυν

401 3535 563 3590 τοῦτό
606 3538 753 3589 ἐστιν
783 3535 921 3605 ὅπερ
959 3533 1123 3602 φασὶν
1166 3535 1215 3586 οἱ
1262 3532 1528 3595 Ἰουδαῖοι,
1564 3532 1647 3585 61:
1681 3532 1838 3585 αὐτοὶ
1871 3533 1969 3601 μέν
2013 3549 2074 3585 σε

403 3626 786 3696 γινώσκουσιν,
826 3625 937 3693 ἐγὼ
960 3624 1015 3677 δέ
1041 3624 1251 3693 ἀγνοῶ·
1282 3624 1417 3677 ἀλλά
1453 3623 1782 3690 τούναντίον,
1820 3624 1930 3694 ἐγὼ
1973 3625 2074 3696 μέν

407 3731 469 3767 σε
493 3711 632 3777 οἶδα,
667 3713 816 3768 ἄλλοι
845 3712 903 3764 δέ
934 3729 992 3764 σε
1027 3712 1128 3765 οὑκ
1176 3710 1438 3780 ἔγνωσαν.
1470 3712 1578 3766 Καὶ
1610 3708 1777 3767 οὗτοι
1798 3712 1865 3765 δὲ
1891 3711 2074 3780 ἔγνω-

404 3818 544 3865 σαν,
576 3801 666 3855 ὅτι
691 3802 771 3854 σύ
796 3817 873 3869 με
895 3799 1278 3865 ἀπέστειλας.
1318 3800 1480 3869 Ὁρᾷς
1501 3800 1580 3851 ὅτι
1611 3800 1807 3863 αὑτοὺς
1834 3800 2073 3853 αἰνίττε-

403 3906 495 3943 ται
526 3889 652 3951 τοὺς
672 3887 929 3951 λέγοντας
962 3886 1035 3956 μὴ
1062 3882 1202 3938 εἶναι
1228 3884 1390 3938 αὑτὸν
1412 3887 1476 3937 ἐκ
1502 3884 1596 3937 τοῦ
1623 3884 1779 3948 Θεοῦ,
1812 3885 1907 3938 καὶ
1936 3885 2074 3955 πρὸς

402 3977 592 4031 τοῦτον
625 3976 653 4015 d
682 3976 773 4029 τὸν
805 3974 963 4042 λόγον
997 3972 1496 4041 ἀνακεφαλαιοῦται
1531 3973 1743 4037 πάντας
1769 3973 1875 4026 Καὶ
1901 3973 2075 4040 ἐγνώ-

396 4080 546 4133 ρισα
570 4062 772 4128 αὐτοῖς
808 4062 873 4115 τὸ
905 4060 1094 4129 ὄνομά
1117 4076 1255 4123 σου,
1280 4059 1380 4113 καὶ
1402 4061 1693 4129 γνωρίσω.
1716 4056 1826 4113 Καὶ
1855 4060 1960 4129 μὴν
1978 4060 2071 4112 τοῦ

405 4150 721 4221 Πνεύματος
751 4149 856 4221 φῂς
882 4148 981 4220 τὴν
1008 4148 1219 4201 τελείαν
1248 4147 1479 4215 γνῶσιν·
1506 4148 1644 4202 ἀλλά
1667 4147 1736 4201 τὰ
1770 4147 1864 4201 τοῦ
1899 4148 2070 4201 Πνεύ-

408 4256 576 4310 ματος
610 4236 722 4308 ἐμά
753 4237 922 4290 ἐστιν.
950 4237 1084 4290 Ἵνα
1102 4236 1139 4303 ή
1168 4234 1391 4305 ἀγάπη,
1416 4233 1498 4301 ἣν
1522 4235 1846 4306 ἠγάπησάς
1878 4254 1976 4306 με,
2002 4238 2074 4291 ἐν

402 4327 609 4397 αὐτοῖς
647 4325 824 4395 μένῃ,
856 4324 1015 4393 κάγὼ
1039 4325 1109 4378 ἐν
1133 4324 1361 4391 αὐτοῖς.
1407 4324 1532 4377 Ἐἀν
1566 4325 1676 4395 γάρ
1718 4323 1953 4394 μάθωσι,
1988 4324 2074 4388 τίς

407 4416 496 4478 σὺ,
517 4416 640 4467 τότε
664 4414 924 4474 εἴσονται,
954 4414 1036 4466 ὅτι
1066 4413 1167 4466 οὑκ
1204 4411 1605 4483 ἀπεσχισμένος
1636 4411 1766 4480 ἐγὼ,
1794 4412 1931 4466 ἀλλά
1962 4412 2071 4466 τῶν

408 4500 613 4572 σφόδρα
634 4500 1029 4571 ἠγαπημένων,
1070 4500 1166 4552 καὶ
1188 4499 1407 4571 γνήσιος
1442 4498 1564 4561 Υἱὸς
1583 4499 1677 4552 καὶ
1704 4498 2069 4569 συνημμένος.

406 4587 576 4641 Τοῦτο
600 4588 656 4641 δὲ
679 4587 989 4650 πεισθέντες
1012 4588 1089 4651 ὠς
1115 4586 1239 4657 χρὴ,
1272 4586 1365 4640 καὶ
1393 4587 1490 4657 τὴν
1524 4586 1706 4641 πίστιν
1731 4587 1831 4656 τὴν
1869 4588 1948 4648 είς
1971 4586 2071 4657 ἐμὲ

406 4675 505 4730 καὶ
532 4676 630 4745 τὴν
656 4676 878 4747 ἀγάπην
906 4676 1329 4746 διατηρήσουσιν
1355 4674 1581 4745 ἀκριϐῆ.
1621 4673 1985 4741 Ἀγαπώντων
2012 4674 2071 4727 δὲ

406 4762 585 4816 αὑτῶν
617 4761 692 4825 ὼς
717 4762 845 4833 χρὴ,
873 4759 983 4830 ἐγὼ
1021 4760 1168 4831 μενῶ
1199 4763 1257 4813 ἐν
1290 4761 1492 4823 αὑτοῖς.
1534 4761 1698 4831 Ὁρᾷς
1720 4759 1838 4824 πῶς
1867 4761 1947 4824 είς
1971 4777 2072 4813 κα·

404 4849 495 4905 λὸν
523 4849 672 4913 τέλος
697 4849 1011 4920 ἀπήντησεν
1041 4859 1087 4913 θ,
1112 4850 1193 4912 είς
1219 4849 1462 4919 ἀγάπην,
1489 4849 1589 4919 τὴν
1611 4848 1828 4902 πάντων
1860 4847 2071 4921 μητέρα

404 4939 514 4995 τῶν
541 4938 781 5008 ἀγαθῶν,
814 4940 928 4992 ἀπα
938 4938 1125 5011 ρτίσας
1148 4940 1239 4993 τὸν
1256 4938 1417 5008 λόγον
1438 4956 1452 5005 ;

480 5025 835 5096 Πιστεύωμεν
864 5026 1016 5097 [487]
1069 5027 1274 5090 τοίνυν,
1305 5027 1401 5081 καὶ
1442 5027 1751 5099 ἀγαπῶμεν
1791 5028 1883 5082 τὸν
1914 5029 2070 5096 Θεὸν,

406 5116 495 5170 ἵνα
520 5116 594 5186 μὴ
627 5114 722 5168 καὶ
768 5114 897 5184 περὶ
916 5113 1073 5183 ήμῶν
1100 5114 1355 5184 λέγηται·
1387 5115 1536 5167 Θεὸν
1561 5116 1963 5186 ὁμολογοῦσιν
1990 5119 2072 5171 εί-

403 5206 590 5267 δέναι,
620 5205 745 5270 τοῖς
776 5203 845 5256 δὲ
874 5204 1069 5273 ἔργοις
1087 5204 1408 5271 ἀρνοῦνται
1429 5220 1443 5235 ·
1468 5205 1565 5257 καὶ
1595 5205 1777 5269 πάλιν,
1815 5205 1934 5274 Τὴν
1974 5206 2073 5259 πί-

402 5308 545 5349 στιν
569 5293 841 5361 ἧρνηται,
868 5290 965 5344 καὶ
1003 5291 1173 5345 ἔστιν
1204 5292 1467 5344 ἀπίστου
1490 5291 1725 5360 χείρων.
1756 5292 1927 5352 Ὀταν
1964 5295 2073 5365 γὰρ

404 5384 613 5445 ἐκεῖνος
654 5380 754 5449 μὲν
793 5380 887 5433 καὶ
918 5380 1156 5442 οἰκέταις
1184 5382 1278 5432 καὶ
1308 5380 1596 5448 συγγενέσι
1636 5382 1730 5435 καὶ
1771 5382 2072 5452 ἀλλοτρίοις

404 5470 671 5541 ἐπικουρῇ
699 5483 712 5497 ·
740 5469 803 5521 σὺ
828 5467 881 5520 δέ
907 5467 1041 5537 μηδέ
1063 5468 1189 5530 τοὺς
1224 5466 1362 5537 πρὸς
1401 5466 1555 5534 γένος
1583 5470 1961 5539 προσήκοντας
1986 5470 2074 5523 θε-

408 5556 673 5629 ραπεύῃς,
696 5556 782 5619 τίς
814 5555 965 5607 ἔσται
999 5572 1081 5608 σοι
1106 5554 1291 5607 λοιπὸν
1322 5554 1609 5623 ἀπολογία,
1627 5555 1720 5609 τοῦ
1745 5557 1879 5610 Θεοῦ
1911 5557 2073 5628 βλασ-

407 5646 760 5714 φημουμένου
795 5644 889 5696 καὶ
916 5642 1274 5715 ὑϐριζομένου
1293 5642 1382 5696 διά
1417 5641 1509 5709 σές
1541 5643 1743 5697 Σκόπει
1765 5644 1873 5716 γὰρ
1898 5646 2071 5710 πόσας

469 5834 497 5864 ι
520 5822 619 5888 Αιιί
640 5827 800 5888 πολλῷ
824 5829 1034 5878 πλείονα.
1100 5829 1130 5869 Β
1156 5829 1254 5878 Alii
1281 5847 1348 5885 τις
1372 5829 1509 5877 οὖσα.
1578 5831 1602 5861 τ
1628 5829 1789 5881 Verba
1816 5832 1958 5881 αὑτὸν
1998 5834 2051 5882 δὲ

409 5881 663 5953 μήὶεωένμι
701 5897 731 5933 e
756 5881 906 5953 Sagij.
942 5894 993 5938 et
1016 5891 1159 5953 codd,
1184 5881 1411 5953 suppléla
1449 5896 1580 5941 sunt.
1609 5892 1742 5941 Enn.
1810 5894 1837 5933 τί
1863 5881 2069 5953 Ουὶἀεπι

409 5942 689 6020 306510610
718 6005 757 6020 π
776 5960 799 5986 e
821 5948 901 5998 Sic
939 5962 1004 5999 ex
1052 5942 1338 6015 conjecl'u'ra
1369 5952 1539 6003 Savilii
1585 5942 2069 6020 rescripslmisﬁﬁré

413 6001 700 6063 ἀπήρτησεν.
718 6005 854 6057 Εοιτ.

1200 349 1255 406 S.
1294 350 1577 408 JOANNIS
1613 351 2076 411 CIIRYSOSTOM

2179 355 2463 415 .RCHIEP.
2505 355 3062 415 οοΝςτΑΝΤιΝορ.

418 459 718 531 ὕστερον;
762 465 903 521 Ἀλλ’
936 467 1087 541 HBG]
1117 471 1257 543 ὑπὲρ
1288 472 1530 535 πλείονος
1566 473 1943 543 πληροφορίας
1993 475 2085 527 καὶ

3752 361 3859 416 μϐ

2192 476 2393 529 ἔδωκεν
2424 480 2557 548 ἡμῖν
2588 477 2845 549 ἀφορμὰς
2868 480 3112 542 εὐποιίας
3135 479 3163 532 ὁ
3187 478 3339 542 Θεός.
3364 478 3469 533 Τὸν
3497 478 3595 550 μὲν
3626 480 3702 545 ὡς
3729 500 3860 553 συγ-

2190 563 2345 633 γενῆ,
2376 564 2468 617 τὸν
2498 564 2555 617 δὲ
2592 565 2668 628 ὡς
2714 565 2886 632 φίλον,
2918 562 3011 619 τὸν
3059 566 3117 619 δὲ
3146 566 3221 630 ὡς
3261 566 3497 634 γείτονα,
3546 567 3635 619 τὸν
3676 568 3732 621 δέ
3780 569 3860 633 ὠς

2191 650 2435 721 πολίτην,
2471 654 2561 705 τὸν
2589 653 2646 705 δὲ
2669 653 2744 715 ὡς
2772 653 3057 723 ἄνθρωπον
3088 653 3245 716 ἐλέει,
3270 654 3453 723 φησίν.
3483 654 3578 705 “Av
3606 655 3661 707 δὲ
3690 655 3856 727 μηδέν

2191 755 2251 790 σε
2297 738 2502 792 τούτων
2544 739 2771 811 κατέχῃ,
2811 739 2947 794 ἀλλά
2981 740 3159 794 πάντα
3199 739 3499 814 διαρρήξῃς
3544 741 3613 792 τὰ
3653 742 3849 809 δεσμά,

2187 824 2396 899 ἀκούσῃ
2422 826 2521 880 τοῦ
2553 827 2786 891 Παύλου,
2822 828 2903 881 61:
2938 829 3170 881 ἀπίστου
3195 824 3247 881 εἴ
3274 828 3499 899 χείρων·
3538 828 3619 881 ὅτι
3646 830 3852 894 ἐκεῖνος

2192 911 2290 983 μὲν
2320 914 2473 967 οὐδὲν
2506 915 2634 986 περὶ
2666 914 3039 985 ἐλεημοσύνης
3068 914 3329 977 ἀκούσας.
3364 914 3484 968 οὑδέ
3520 915 3626 968 τῶν
3672 918 3728 968 ἐν
3761 918 3852 970 οὑ-

2189 1001 2357 1072 ρανῷ,
2394 1002 2791 1072 ὑπερηκόντισέ
2820 1019 2877 1055 σε
2908 1005 2974 1073 τῇ
3007 1002 3387 1073 φιλανθρωπίᾳ
3409 1019 3423 1033 ·
3459 1001 3522 1054 σὺ
3569 1002 3627 1055 δέ
3654 1003 3852 1069 αὑτοὺς

2184 1089 2312 1151 τοὺς
2353 1089 2582 1160 ἐχθροὺς
2633 1091 2855 1161 ἀγαπᾷν
2902 1089 3234 1152 κελευσθεὶς,
3288 1091 3415 1152 τοὺς
3466 1090 3719 1153 οἰκείους,
3771 1090 3851 1155 ὼς

2187 1176 2415 1247 ἐχθροὺς
2450 1179 2604 1249 ὁρᾷς,
2637 1179 2731 1232 καὶ
2755 1179 3052 1250 χρημάτων
3081 1179 3236 1249 φείδῃ
3270 1178 3466 1245 μᾶλλον
3492 1178 3525 1247 ἢ
3557 1180 3847 1249 σωμάτων.

2184 1264 2379 1316 Καίτοι
2406 1265 2476 1318 τὰ
2504 1265 2600 1335 μὲν
2614 1266 3017 1335 ἀναλισκόμενα
3034 1265 3185 1319 οὐδὲν
3204 1268 3451 1319 πείσεται
3470 1264 3638 1318 δεινόν
3659 1282 3672 1296 ·
3694 1258 3850 1330 οὗτος

2184 1349 2241 1403 δὲ
2272 1350 2678 1422 περιορώμενος
2711 1353 3014 1423 οίχήσεται.
3043 1353 3141 1415 Τίς
3166 1348 3258 1405 οὑν
3288 1354 3320 1421 ἡ
3355 1352 3518 1420 μανία
3549 1352 3849 1423 χρημάτων

2185 1436 2483 1505 φείδεσθαι,
2511 1440 2606 1492 καὶ
2644 1439 2884 1509 ἀφειδεῖν
2909 1438 3223 1509 συγγενῶν;
3254 1440 3417 1492 πόθεν
3455 1433 3606 1502 οὗτος
3632 1441 3660 1491 6
3687 1439 3849 1503 πόθος

2182 1524 2564 1594 εἰσεκώμασες
2603 1526 2767 1578 πόθεν
2797 1526 2830 1596 ἡ
2858 1525 3226 1598 ἀπανθρωπία
3271 1526 3365 1579 καὶ
3408 1528 3440 1595 ἡ
3490 1526 3741 1597 ὠμότης;
3780 1527 3846 1579 Εἰ

2182 1605 2291 1675 γάρ
2314 1623 2399 1670 τις
2421 1606 2607 1678 ὥσπερ
2631 1607 2721 1660 ἐπὶ
2740 1607 2970 1679 θεάτρου
2987 1608 3230 1678 κορυφῆς
3249 1606 3502 1669 καθίσας,
3526 1606 3616 1659 τὸν
3643 1608 3847 1677 κόσμον

2181 1696 2570 1750 κατοπτεύσειε
2600 1700 2798 1758 πάντα,
2831 1697 3031 1769 μᾶλλον
3061 1696 3118 1751 δὲ
3151 1698 3200 1750 εί
3236 1694 3515 1767 βούλεσθε,
3556 1695 3683 1767 μίαν
3710 1698 3848 1761 τέως

2184 1783 2693 1856 μεταχειρισώμεθα
2716 1784 2889 1837 πόλιν.
3230 1786 3233 1789 ’

2252 1871 2316 1925 δ’.
2358 1872 2425 1924 Εἴ
2459 1890 2543 1935 τις
2588 1874 2766 1927 τοίνυν
2796 1875 2880 1943 ἐφ’
2909 1870 3114 1944 ὑψηλοῦ
3148 1872 3378 1935 καθίσας
3401 1871 3577 1926 πάντα
3609 1871 3848 1925 κατιδεῖν

2179 1958 2433 2033 δυνηθείη
2482 1960 2551 2014 τὰ
2599 1960 2948 2032 ἀνθρώπινα,
2982 1960 3232 2031 ἐννόησον
3264 1961 3397 2029 ὅσην
3435 1958 3845 2027 καταγνώσεται

2180 2046 2423 2114 ἀλογίαν,
2452 2049 2550 2101 ὅσα
2572 2048 2787 2120 δάκρυα
2814 2051 2969 2111 οῖσει,
2997 2050 3122 2102 ὅσον
3150 2048 3440 2117 γελάσεται
3468 2047 3695 2113 γέλωτα,
3724 2049 3847 2101 ὅσον

2182 2134 2405 2205 μισήσει
2434 2137 2607 2205 μῖσος.
2636 2136 2874 2190 Τοιαῦτα
2902 2138 3009 2209 γάρ
3026 2136 3363 2207 πράττομεν,
3388 2134 3576 2200 ὡς’καὶ
3591 2136 3843 2205 γέλωτος,

2178 2223 2274 2275 καὶ
2306 2223 2509 2286 ἀνοίας,
2554 2224 2647 2276 καὶ
2691 2224 2962 2295 δακρύων,
3021 2224 3112 2277 καὶ
3165 2223 3355 2294 μίσους
3400 2218 3539 2277 εἶναι
3590 2221 3734 2287 ἀξια.
3784 2224 3845 2276 Ὀ

2177 2308 2325 2362 δεῖνα
2353 2310 2546 2381 τρέφει
2574 2308 2763 2374 κύνας,
2803 2310 2890 2362 ἵνα
2916 2310 3081 2381 θηρία
3116 2310 3285 2381 ἄγρια
3323 2310 3652 2383 σαγηνεύσῃ,
3686 2310 3846 2374 αὑτὸς

2176 2398 2258 2460 είς
2287 2397 2578 2467 θηριωδίαν
2611 2398 2899 2469 ἐμπίπτων
2936 2396 2956 2436 ί
2986 2415 3001 2429 ·
3050 2396 3237 2469 ἕτερος
3271 2399 3425 2463 ὅνους
3457 2399 3551 2452 καὶ
3588 2397 3843 2469 ταύρους,

2178 2485 2265 2540 ἵνα
2316 2486 2659 2559 μετακομίζῃ
2697 2486 2908 2550 λίθους·
2953 2485 3273 2557 ἀνθρώπους
3310 2487 3367 2539 δὲ
3409 2488 3658 2558 περιορᾷ,
3700 2484 3845 2556 λιμῷ

2176 2573 2534 2643 τηκομένους.
2570 2574 2679 2626 Καὶ
2711 2574 2934 2644 χρυσίον
2969 2572 3068 2643 μὲν
3107 2572 3336 2644 ἄπειρον
3364 2574 3601 2644 δαπανᾷ,
3637 2574 3725 2626 ἵνα
3759 2573 3846 2625 λι-

2178 2660 2358 2724 θίνους
2385 2659 2708 2730 ἀνθρώπους
2736 2656 3073 2731 ἐργάσηταί·
3098 2661 3225 2725 τοὺς
3250 2661 3305 2714 δὲ
3324 2661 3493 2725 ὅντως
3526 2660 3847 2731 ἀνθρώπους

2175 2751 2411 2814 λιθίνους
2434 2749 2760 2821 γενομένους
2785 2750 3005 2819 ὑπὸτῆς
3030 2751 3348 2821 κακουχίας,
3381 2750 3644 2821 ὑπερορᾷ.
3683 2750 3844 2801 Ἕτε-

2191 2855 2284 2909 ρος
2303 2838 2541 2907 ψηφῖδας
2562 2838 2769 2909 χρυσᾶς
2793 2835 3065 2905 συλλέγων
3083 2836 3221 2907 μετά
3243 2835 3440 2907 πολλῆς
3467 2836 3847 2906 ταλαιπωρίας

2177 2925 2638 2998 περιϐάλλειτοὺς
2662 2924 2877 2994 τοίχους
2896 2941 2910 2956 ·
2942 2922 3042 2987 τὰς
3073 2924 3128 2977 δὲ
3156 2922 3428 2994 γαστέρας
3454 2923 3563 2976 τῶν
3596 2926 3845 2993 πενήτων

2176 3014 2390 3084 γυμνὰς
2418 3013 2579 3082 ὁρῶν,
2614 3012 2715 3066 οὑκ
2744 3010 3178 3081 ἐπικάμπτεται.
3214 3010 3324 3063 Καὶ
3353 3012 3402 3065 οἱ
3436 3010 3535 3079 μέν
3577 3013 3687 3073 τοῖς
3718 3012 3846 3080 ίμα-

2175 3101 2313 3165 τίοις
2362 3100 2542 3154 αὑτῶν
2580 3100 2774 3171 ἱμάτια
2828 3098 2989 3152 πάλιν
3027 3098 3369 3151 ἐπινοοῦσιν·
3404 3098 3588 3168 ἕτερος
3625 3097 3680 3150 δὲ
3719 3098 3843 3150 οὑδὲ

2176 3189 2307 3243 αὑτὸ
2339 3188 2400 3241 τὸ
2438 3187 2597 3258 σῶμα
2631 3186 2838 3256 γυμνὸν
2879 3184 3225 3256 περιϐάλλειν
3270 3184 3401 3255 ἔχει.
3450 3186 3539 3237 Ἐν
3589 3184 3846 3253 δικαστη-

2186 3276 2324 3348 ρίοις
2348 3277 2403 3329 δὲ
2433 3274 2595 3328 πάλιν
2628 3272 2785 3335 ἄλλος
2819 3272 2976 3327 ἀλλον
3011 3271 3271 3325 κατέπιεν
3298 3289 3310 3301 ·
3346 3270 3502 3335 ἄλλος
3532 3272 3611 3334 είς
3636 3270 3845 3339 πόρνας

2176 3365 2423 3419 ἀνάλωσε
2476 3363 2569 3416 καὶ
2615 3363 2696 3424 είς
2734 3360 3105 3431 παρασίτους·
3154 3359 3340 3427 ἕτερος
3379 3360 3459 3422 είς
3501 3359 3698 3429 μίμους
3741 3357 3840 3410 καὶ

2174 3453 2482 3523 ὀρχήστρας
2503 3467 2518 3483 ·
2556 3451 2636 3513 εἰς
2667 3446 2957 3517 οἰκοδομὰς
2998 3446 3186 3517 ἐτερος
3221 3445 3503 3516 λαμπρὰς,
3534 3446 3613 3508 είς
3638 3446 3839 3512 ἀγορα-

2177 3541 2298 3603 σίας
2332 3537 2519 3609 ἀγρῶν
2557 3536 2652 3589 κα)⁸
2682 3535 2894 3589 οίκιῶν.
2926 3533 3097 3587 Πάλιν
3129 3535 3159 3587 ό
3189 3532 3287 3602 μὲν
3319 3533 3514 3595 τόκους
3544 3530 3781 3601 ἀριθμεῖ.
3805 3531 3838 3582 6

2173 3626 2231 3679 δέ
2269 3626 2462 3688 τόκους
2492 3623 2687 3687 τόκων,
2715 3624 2744 3676 ό
2780 3621 2837 3674 δέ
2873 3622 3230 3692 γραμματεῖα
3259 3619 3536 3689 συντίθησι
3575 3620 3601 3659 ε
3629 3616 3841 3672 πολλῶν

2174 3714 2415 3785 γέμοντα
2433 3713 2631 3783 φόνων,
2667 3711 2761 3764 καὶ
2785 3710 2906 3764 οὑδέ
2928 3711 3026 3781 τὴν
3055 3710 3162 3763 ἀπὸ
3183 3710 3281 3779 τῆς
3313 3709 3507 3771 νυκτὸς
3536 3709 3841 3762 ἀνάπαυσιν

2174 3802 2504 3873 καρποῦται,
2536 3802 2629 3852 ἐπὶ
2652 3801 2767 3862 τοῖς
2801 3798 3004 3868 ἐτέρων
3033 3799 3223 3859 κακοῖς
3249 3795 3565 3866 ἀγρυπνῶν.
3598 3794 3840 3865 Ἡμέρας

2173 3891 2230 3943 δὲ
2268 3889 2588 3960 γενομένης,
2613 3888 2642 3939 ό
2681 3886 2778 3956 μὲν
2808 3885 2902 3937 ἐπὶ
2930 3884 3121 3955 κέρδος
3154 3882 3358 3945 ἄδικον,
3390 3882 3419 3933 ό
3449 3882 3505 3934 δὲ
3537 3882 3627 3933 ἐπὶ
3666 3880 3839 3933 δαπά-

2173 3994 2269 4042 νην
2289 3974 2517 4043 ἀσελγῆ,
2541 3975 2591 4047 0!
2621 3972 2680 4026 δέ
2703 3971 2795 4024 ἐπὶ
2821 3970 3028 4041 κλοπὴν
3050 3970 3170 4040 δεδη
3181 3967 3545 4039 μοσιευμένην
3562 3968 3832 4038 τρέχουσι.

2172 4065 2284 4120 Καὶ
2307 4064 2414 4115 τῶν
2440 4063 2536 4132 μὲν
2558 4059 2827 4131 περιττῶν
2846 4059 2940 4112 καὶ
2960 4057 3356 4127 κεκωλυμένων
3378 4055 3591 4126 πολλὴἠ
3611 4053 3828 4123 σπουδή·

2174 4152 2280 4206 τῶν
2303 4152 2360 4204 δὲ
2387 4148 2703 4217 ἀναγκαίων
2725 4146 2900 4209 οὐδεὶς
2928 4146 2956 4197 6
2978 4144 3155 4213 λόγος.
3182 4142 3338 4215 [488]
3366 4142 3430 4198 OE
3457 4142 3513 4195 δὲ
3539 4142 3831 4213 κρίνοντες,

2172 4240 2231 4292 τὸ
2271 4239 2368 4308 μὲν
2405 4237 2578 4307 ὄνομα
2601 4233 2872 4289 δικαστῶν
2905 4232 3111 4303 ἔχουσι,
3137 4232 3195 4285 τὸ
3222 4232 3278 4284 δὲ
3310 4231 3470 4301 ἔργον
3495 4229 3704 4301 λῃστῶν
3737 4228 3835 4280 καὶ

2172 4325 2529 4399 ἀνδροφόνων.
2560 4323 2681 4378 Κᾶν
2708 4320 2805 4383 τὰς
2833 4321 2988 4384 δίκας
3013 4337 3098 4383 τις
3120 4317 3370 4391 ἐξετάσῃ,
3397 4316 3501 4372 κᾶν
3520 4318 3617 4381 τὰς
3644 4315 3833 4386 διαθή-

2174 4432 2296 4477 κας,
2347 4412 2516 4483 μυρία
2546 4410 2707 4463 πάλιν
2738 4409 2962 4479 εὑρήσει
2997 4409 3093 4465 καὶ
3134 4404 3370 4460 ἐνταῦθα
3406 4405 3586 4468 κακά,
3625 4404 3830 4468 δόλους,

2173 4501 2405 4563 κλοπάς,
2439 4496 2752 4560 ἐπιϐουλάς.
2790 4497 2900 4549 Καὶ
2943 4495 3075 4566 περὶ
3118 4493 3291 4546 ταῦτα
3346 4492 3535 4546 ἅπασα
3566 4494 3601 4563 ἡ
3644 4490 3827 4561 σχολὴ,

2171 4589 2281 4643 τῶν
2308 4588 2365 4640 δέ
2396 4583 2782 4655 πνευματικῶν
2807 4582 2964 4650 λόγος
2991 4580 3163 4643 οὑδείς
3183 4596 3197 4610 ·
3229 4579 3364 4634 ἀλλά
3402 4579 3499 4649 τὴν
3536 4576 3830 4647 ἐκκλησίαν

2173 4676 2316 4748 ὑπὲρ
2349 4674 2442 4728 τοῦ
2475 4675 2633 4745 μόνον
2661 4673 2790 4725 ίδεῖν
2825 4669 3132 4740 ἐνοχλοῦσιν
3160 4670 3419 4732 ἅπαντες.
3452 4669 3526 4721 Τὸ
3556 4668 3611 4721 δέ
3641 4667 3834 4737 ζητού-

2178 4780 2336 4833 μενον
2369 4761 2429 4812 οὑ
2464 4760 2623 4812 τοῦτό
2656 4761 2823 4819 ἐστιν,
2860 4756 2975 4809 ἀλλ’
3005 4756 3181 4825 ἔργων
3205 4756 3288 4809 δεῖ
3313 4757 3443 4825 ἡμῖν
3481 4755 3576 4808 καὶ
3595 4752 3833 4816 διανοίας

2174 4848 2441 4919 καθαρᾶς.
2462 4846 2559 4899 Ἂν
2587 4845 2643 4898 δὲ
2666 4844 2764 4915 τὴν
2794 4843 3207 4923 πᾶσανυὴμέραν
3233 4841 3513 4914 ἀναλώσῃς
3542 4843 3620 4904 εἰς
3648 4840 3837 4893 πλεον-

2173 4936 2343 5001 εξίαν,
2370 4930 2487 4987 εἶτα
2519 4934 2690 5004 μικρὰ
2714 4932 2935 5002 ῥήματα
2973 4929 3228 4983 εἰσελθὼν
3261 4929 3444 5000 εἴπῃς,
3470 4929 3530 4981 οὑ
3562 4928 3719 4998 μόνον
3734 4927 3840 4981 οὑκ

2174 5024 2440 5093 ἐποίησας
2472 5021 2600 5073 ἵλεω
2627 5020 2720 5072 τὸν
2734 5018 2888 5081 Θεὸν,
2919 5017 3056 5071 ἀλλά
3076 5018 3171 5071 καὶ
3198 5016 3522 5089 παρώξυνας
3546 5015 3834 5085 μειζόνως.

2174 5117 2239 5169 Εἰ
2262 5115 2370 5185 γὰρ
2400 5112 2579 5184 βούλει
2610 5108 2947 5174 καταλλάξαι
2979 5125 3072 5162 σου
3108 5107 3199 5161 τὸν
3223 5106 3519 5177 Δεσπότην,
3555 5104 3693 5175 ἔργα
3722 5103 3840 5157 ἐπί-

2173 5200 2367 5265 δειξαι,
2403 5199 2540 5270 μάθε
2582 5197 2675 5250 τὸν
2717 5196 2948 5267 φορυτὸν
2991 5194 3100 5247 τῶν
3148 5193 3462 5264 συμφορῶν,
3514 5190 3678 5261 βλέπε
3711 5190 3840 5253 τοὺς

2172 5290 2436 5360 γυμνοὺς,
2468 5287 2598 5349 τοὺς
2628 5283 2951 5345 πεινῶντας,
2988 5282 3115 5345 τοὺς
3159 5280 3581 5350 ἀδικουμένους·
3636 5277 3840 5348 μυρίας

2175 5395 2259 5431 σοι
2292 5373 2696 5445 φιλανθρωπίας
2738 5371 2932 5442 ἔτεμεν
2957 5368 3131 5433 ὁδούς.
3167 5369 3257 5439 Μὴ
3302 5369 3483 5421 τοίνυν
3534 5364 3840 5435 ἀπατῶμεν

2174 5468 2421 5527 ἑαυτοὺς,
2455 5464 2578 5533 εἰκῆ
2613 5462 2706 5515 καὶ
2747 5461 2924 5531 μάτην
2960 5458 3180 5522 ζῶντες,
3220 5455 3373 5526 μηδὲ,
3408 5456 3491 5508 61:
3534 5454 3627 5508 νῦν
3656 5453 3837 5521 ὑγιαί-

2173 5572 2358 5625 νομεν,
2384 5549 2888 5619 καταφρονήσωμεν
2909 5564 2923 5577 ·
2959 5544 3074 5598 ἀλλ’
3092 5544 3445 5614 ἐννοήσαντες
3464 5544 3546 5595 ὅτι
3574 5541 3838 5602 πολλάκις

2173 5643 2253 5703 εἰς
2303 5640 2458 5693 νόσον
2497 5635 2925 5697 καταπεσόντες,
2970 5632 3066 5685 καὶ
3111 5633 3191 5694 εἰς
3239 5630 3467 5699 ἔσχατον
3522 5628 3837 5700 ἀρρωστίας

2172 5728 2437 5788 ἐλθόντες,
2476 5723 2817 5791 ἀπεθάνομεν
2864 5720 2943 5790 τῷ
2973 5719 3082 5772 δέει
3116 5722 3211 5771 καὶ
3260 5719 3329 5791 τῇ
3384 5717 3683 5789 προσδοκίᾳ
3727 5714 3835 5765 τῶν

2176 5814 2497 5888 μελλόντων,
2528 5809 2988 5883 προσδοκήσωμεν
3022 5806 3185 5862 πάλιν
3217 5806 3296 5870 είς
3323 5805 3393 5859 τά
3415 5804 3556 5860 αὑτά
3587 5818 3832 5858 καταπε-

2239 6018 2260 6060 ί
2287 6021 2359 6072 lla
2380 6017 2548 6070 Morel.
2570 6017 2721 6069 Savil.
2743 6015 2999 6066 ἐκπίπτων.
3067 6014 3092 6055 ε
3117 6013 3288 6066 Morel.
3312 6015 3484 6074 τίθησι.
