4126 6366
354 353 460 410 445

350 481 472 523 men
502 460 946 533 attemperatione
974 478 989 514 :
1022 474 1144 513 nam
1177 460 1286 526 ait,
1317 457 1515 513 Dedisti
1538 457 1684 512 mihi.
1711 454 1865 526 Quod
1894 454 1940 510 si

351 573 441 615 res
465 572 574 613 non
604 557 673 610 ita
696 554 796 617 sit,
827 552 1163 607 adversarios
1187 552 1420 606 libenter
1450 548 1892 620 interrogaverim
1921 564 1937 602 :

351 649 451 715 Qui
483 648 575 703 dat
603 643 913 701 subsistenti
937 651 1083 697 certe
1122 641 1248 696 dat:
1279 656 1409 711 ergo
1437 656 1558 697 cum
1590 643 1737 710 prius
1766 641 1941 710 ipsum

350 743 659 814 genuisset,
690 746 873 808 postea
905 735 1005 805 ipsi
1044 735 1265 804 gloriam
1292 733 1477 798 dedit,
1505 748 1628 787 cum
1659 742 1784 787 ante
1812 746 1940 787 eum

350 834 467 888 sine
513 830 677 903 gloria
708 827 1054 897 reliquisset?
1084 825 1236 892 Quod
1267 838 1366 896 qua
1395 824 1603 879 ratione
1646 834 1791 878 stare
1810 832 1938 894 pos-

350 923 462 978 sit?
496 910 682 976 Viden”
702 920 812 985 hic,
840 918 1058 984 Dedisti,
1079 916 1478 987 intelligendum
1504 931 1644 980 esse,
1667 915 1942 986 genuisti?

351 1014 459 1069 Sed
497 1028 593 1067 cur
620 1028 726 1067 non
771 1012 943 1078 dixit,
975 1009 1047 1066 Ut
1072 1010 1394 1080 participent
1419 1051 1435 1076 ,
1465 1009 1558 1064 sed
1585 1050 1600 1075 ,
1636 1004 1704 1063 Ut
1741 1007 1944 1062 videant

354 1108 633 1161 claritatem
654 1098 681 1161 .’

428 1199 484 1254 3.
517 1198 611 1253 Hic
640 1196 941 1252 snbindicat
968 1196 1330 1251 omnimodam
1360 1196 1496 1251 hanc
1521 1210 1641 1251 esse
1663 1194 1900 1266 requiem
1925 1238 1941 1263 ,

353 1290 419 1345 ad
468 1290 659 1345 Filium
709 1290 800 1344 Dei
850 1299 1114 1359 spectare.
1163 1289 1277 1344 Hoc
1318 1289 1459 1343 enim
1504 1288 1677 1343 claros
1724 1288 1941 1343 reddit:

358 1383 500 1453 quod
529 1392 585 1438 et
613 1370 810 1437 Paulus
838 1381 1007 1449 inquit
1035 1398 1049 1434 :
1086 1380 1322 1435 Reoelata
1348 1382 1479 1450 facie
1509 1381 1727 1451 gloriam
1766 1397 1946 1450 specu-

357 1477 521 1531 lantes
551 1475 625 1545 (2.
659 1474 778 1529 Cor.
807 1475 861 1528 5.
895 1472 1006 1543 I8).
1034 1472 1102 1529 Ut
1129 1473 1271 1526 enim
1297 1473 1387 1543 qui
1413 1472 1590 1526 radios
1637 1472 1943 1540 aspiciunt,

358 1576 413 1622 et
468 1582 596 1621 aere
650 1566 963 1620 tenuissimo
1012 1563 1300 1631 fruuntur,
1332 1574 1399 1619 ex
1447 1564 1565 1618 visu
1614 1564 1943 1634 voluptatem

357 1656 660 1728 percipiunt
691 1674 702 1708 :
732 1657 810 1711 sic
837 1665 891 1710 et
934 1665 1061 1713 tunc
1085 1656 1221 1722 erit,
1253 1658 1360 1710 imo
1391 1655 1442 1711 id
1476 1655 1634 1726 longe
1682 1655 1943 1726 majorem

361 1752 517 1805 nobis
544 1751 716 1819 pariet
743 1749 1094 1817 voluptatem.
1125 1738 1371 1804 Ostendit
1395 1749 1578 1812 etiam,
1609 1747 1661 1803 id
1690 1762 1795 1802 non
1823 1761 1945 1803 esse

359 1841 500 1909 quod
526 1840 757 1906 videtur,
784 1839 877 1894 sed
903 1838 1232 1893 tremendam
1253 1838 1541 1909 quamdam
1570 1838 1943 1893 substantiam.

356 1931 446 1986 25.
481 1930 638 1985 Pater
655 1931 827 1999 juste,
861 1941 906 1983 et
933 1930 1152 1983 mundus
1179 1938 1226 1982 te
1265 1945 1367 1983 non
1394 1930 1645 2001 cognovit.
1674 1928 1814 1997 Quid
1843 1928 1947 1983 hoc

358 2023 459 2078 sibi
490 2020 648 2078 vult?
692 2038 937 2093 quamam
980 2022 1069 2077 hic
1092 2023 1517 2092 consequentia?
1566 2022 1663 2078 IIic
1709 2022 1948 2081 declarat

361 2115 630 2170 neminem
660 2130 818 2170 nosse
864 2116 1030 2170 Deum
1054 2156 1068 2179 ,
1100 2115 1201 2169 nisi
1230 2130 1326 2170 eos
1370 2116 1461 2185 qui
1510 2113 1703 2170 Filium
1742 2130 1947 2185 cogno-

361 2217 552 2273 scunt;
588 2207 688 2261 hoc
708 2218 811 2274 est,
845 2206 1051 2262 Vellem
1077 2221 1265 2262 omnes
1295 2206 1397 2261 hoc
1422 2207 1476 2261 in
1502 2216 1642 2261 statu
1668 2221 1821 2273 esse;
1850 2206 1948 2264 sed

360 2308 414 2353 te
447 2314 551 2352 non
596 2307 905 2363 noverunt,
938 2298 1040 2353 etsi
1087 2297 1221 2352 nihil
1263 2300 1471 2368 possint
1511 2313 1759 2369 arguere.
1811 2298 1946 2354 Illud

359 2390 503 2443 enim
527 2391 790 2459 signiﬁcat
814 2421 830 2457 ,
856 2388 1013 2443 Pater
1046 2390 1209 2460 juste.
1252 2390 1350 2445 Hic
1374 2391 1583 2457 videtur
1611 2392 1697 2446 illa
1723 2391 1904 2447 dicere
1926 2434 1942 2460 ,

358 2492 500 2554 :r‘gre
534 2483 749 2550 terens,
777 2483 919 2553 quod
950 2492 1056 2539 tam
1088 2484 1286 2540 bonum
1312 2525 1327 2551 ,
1358 2492 1469 2539 tam
1510 2484 1714 2555 justum
1756 2495 1950 2557 cogno-

362 2588 514 2629 scere
541 2574 826 2630 noluerint.
858 2575 989 2630 Cum
1012 2576 1162 2631 'enim
1203 2576 1375 2632 Judaei
1424 2575 1664 2633 dicerent
1692 2592 1751 2633 se
1776 2577 1947 2634 Deum

361 2682 543 2734 nosse,
567 2684 671 2723 non
699 2678 873 2723 autem
894 2669 1066 2739 ipsum
1085 2685 1266 2736 nosse,
1290 2685 1356 2725 eo
1376 2670 1597 2741 respicit
1623 2671 1711 2726 ille
1732 2671 1944 2726 dicens:

362 2759 601 2816 Dilexisti
656 2778 736 2815 me
780 2772 896 2816 ante
934 2760 1111 2816 mundi
1163 2763 1606 2828 constitutionem,
1652 2780 1682 2819 a
1712 2760 1949 2821 Judaicis

360 2854 790 2909 accusationibus
816 2868 937 2910 sese
981 2868 1235 2926 purgans.
1262 2855 1396 2911 Nam
1421 2857 1511 2927 qui
1538 2857 1765 2927 gloriam
1789 2873 1948 2915 acce-

362 2947 469 3015 pit,
500 2947 588 3017 qui
614 2946 845 3002 dilectus
872 2946 970 3002 fuit
998 2958 1123 3002 ante
1150 2948 1334 3003 mundi
1355 2950 1793 3005 constitutiOnem
1815 2983 1831 3019 ,
1857 2951 1948 3022 qui

362 3037 481 3092 illos
530 3039 698 3094 voluit
757 3039 916 3110 hnjns
962 3040 1149 3110 gloriae
1192 3048 1358 3096 testes
1400 3040 1635 3109 habere,
1682 3042 1951 3113 quomodo

362 3132 664 3186 contrarius
710 3131 855 3186 Patri
903 3132 1134 3188 fuisset?
1163 3132 1281 3188 Non
1311 3134 1473 3205 igitur
1518 3135 1623 3190 hoc
1650 3151 1837 3191 verum
1867 3145 1951 3192 est

362 3221 505 3291 quod
536 3223 722 3277 dicunt
764 3223 971 3290 Judaei,
1004 3224 1147 3295 quod
1189 3226 1287 3295 ipsi
1331 3234 1386 3281 te
1435 3236 1798 3298 cognoscant,
1849 3242 1951 3299 ego

362 3322 539 3368 autem
570 3324 622 3369 te
654 3316 929 3385 ignorem;
974 3316 1069 3372 sed
1098 3318 1427 3373 contrarium
1458 3328 1680 3389 prorsus
1709 3337 1722 3373 :
1753 3310 1867 3392 Ego
1898 3329 1951 3377 te

363 3407 521 3471 novi,
553 3406 642 3461 alii
670 3414 723 3463 te
755 3424 858 3462 non
893 3418 1176 3464 noverunt.
1208 3408 1275 3465 Et
1307 3409 1360 3463 hi
1403 3422 1746 3481 cognoverunt
1768 3452 1785 3479 ,
1830 3413 1950 3483 quia

361 3508 417 3551 tu
440 3516 518 3553 me
541 3501 741 3554 misisti.
796 3499 980 3557 Viden'
1017 3503 1165 3557 iIItJm
1200 3503 1285 3559 hic
1327 3518 1422 3558 eos
1447 3504 1789 3563 subindicat‘e
1813 3545 1828 3570 ,
1857 3505 1951 3576 qui

363 3588 619 3645 dicebant
668 3593 839 3662 ipsum
873 3609 978 3649 non
1010 3610 1076 3651 ex
1113 3595 1222 3650 Deo
1265 3608 1387 3652 esse
1409 3637 1425 3662 ,
1465 3607 1517 3651 et
1544 3596 1611 3651 ad
1638 3597 1744 3652 hoc
1771 3597 1950 3653 omnia

362 3682 663 3739 reducere?
700 3684 792 3740 26.
831 3685 895 3739 Et
919 3698 1094 3741 notum
1117 3688 1216 3755 feci
1239 3689 1310 3741 eis
1337 3704 1522 3742 nomen
1569 3698 1755 3756 tuum,
1784 3699 1833 3744 et
1859 3706 1953 3744 noi-

364 3785 468 3828 tum
493 3776 701 3845 faciam.
728 3779 889 3848 Atqui
915 3779 1098 3833 dixisti
1125 3779 1415 3849 perfectam
1443 3780 1806 3852 cognitionem
1831 3795 1953 3838 esse

362 3866 596 3938 Spiritus
621 3888 634 3924 :
666 3880 854 3925 rerum
882 3887 944 3925 ea
970 3878 1089 3942 quas
1110 3884 1234 3927 sunt
1258 3870 1492 3942 Spiritus
1512 3915 1528 3941 ,
1561 3889 1680 3930 mea
1704 3882 1849 3929 sunt.
1884 3874 1947 3931 Ut

364 3962 568 4017 dilectio
606 3976 707 4034 qua
750 3963 976 4018 dilexisti
1018 3981 1100 4020 me
1122 4008 1139 4030 ,
1166 3968 1222 4021 in
1262 3966 1386 4037 ipsis
1414 3976 1654 4033 maneat,
1683 3978 1731 4022 et
1758 3984 1851 4039 ego
1898 3968 1952 4022 in

365 4051 511 4124 ipsis.
544 4053 677 4109 Nam
720 4056 766 4110 si
795 4055 1080 4111 didicerint
1108 4058 1229 4127 quis
1276 4069 1329 4113 tu
1356 4058 1465 4125 sis,
1500 4067 1628 4113 tunc
1664 4060 1836 4115 scient
1862 4074 1951 4117 me

365 4143 461 4199 abs
492 4150 543 4198 te
577 4160 682 4200 non
734 4161 855 4203 esse
883 4146 1181 4218 sejuncth
1205 4191 1221 4217 ,
1250 4150 1345 4205 sed
1377 4150 1612 4205 maxime
1652 4149 1905 4206 dilectum
1930 4193 1947 4218 ,

364 4242 550 4289 rerum
581 4235 773 4290 Filium
802 4247 857 4292 et
882 4239 1225 4308 conjunctum
1257 4241 1373 4295 tibi.
1400 4240 1502 4310 Qui
1534 4242 1637 4297 hoc
1666 4251 1723 4297 ut
1752 4257 1847 4312 par
1866 4252 1953 4298 est

365 4330 622 4399 credent,
650 4341 704 4387 et
749 4330 907 4389 iidem
940 4337 990 4390 in
1019 4352 1103 4389 me
1141 4347 1196 4391 et
1225 4335 1569 4394 dilectionem
1598 4338 1807 4391 firmam
1836 4352 1951 4392 ser-

367 4424 583 4477 vabunt:
630 4426 684 4479 Si
713 4425 812 4495 ipsi
844 4437 898 4480 ut
922 4436 1137 4496 oportet
1162 4429 1383 4498 diligant
1405 4468 1420 4492 ,
1450 4442 1549 4497 ego
1595 4429 1648 4482 in
1698 4429 1804 4484 illis
1834 4445 1949 4484 ma-

366 4515 521 4570 nebo.
556 4516 743 4571 Viden’
768 4519 1038 4587 quomodo
1071 4520 1121 4572 in
1167 4522 1428 4588 optimum
1462 4521 1621 4574 linem
1665 4521 1865 4587 desiit,
1896 4522 1949 4576 in

365 4609 710 4664 dilectioaem
754 4627 945 4680 nempe
970 4652 984 4676 ,
1014 4613 1249 4665 omnium
1278 4623 1500 4666 matrem
1536 4611 1796 4667 bonOrum
1821 4613 1846 4667 ?

438 4699 574 4755 Deus
594 4701 875 4756 credendus
900 4712 945 4755 et
972 4699 1279 4773 diligendus.
1314 4699 1547 4759 Charitas
1584 4706 1636 4758 in
1662 4705 1950 4773 proximum

362 4793 762 4846 commendatur.
794 4823 866 4835 —-
892 4793 1186 4849 Credamus
1209 4810 1358 4864 ergo,
1378 4802 1433 4849 et
1453 4795 1733 4865 diligamus
1758 4796 1944 4862 Deum,

364 4895 431 4935 ne
457 4880 525 4935 de
558 4882 710 4937 nobis
731 4883 939 4939 dicatur
964 4902 978 4936 :
1002 4883 1315 4953 Conﬁtentur
1340 4902 1393 4939 se
1422 4903 1568 4940 nosse
1595 4885 1780 4953 Deum,
1800 4886 1950 4955 factis

361 4982 532 5026 autem
557 4983 740 5044 negant
766 4973 895 5044 (Tit.
926 4977 978 5029 I.
1010 4976 1131 5048 16);
1165 4985 1220 5031 ct
1264 4978 1483 5043 iterum,
1516 4976 1702 5033 Fidem
1731 4981 1947 5049 negavit,

367 5073 413 5115 et
440 5073 511 5117 est
540 5065 738 5131 inﬁdeli
785 5065 1003 5120 deterior
1033 5066 1110 5138 (l.
1150 5067 1281 5120 Tim.
1314 5069 1368 5123 5.
1399 5068 1478 5137 8).
1508 5068 1639 5125 Cum
1671 5070 1814 5124 enim
1860 5070 1951 5125 ille

367 5159 563 5223 servis,
588 5160 828 5228 cognatis
857 5170 912 5213 et
938 5160 1125 5214 alienis
1152 5160 1462 5230 opituletur,
1492 5170 1551 5215 tu
1581 5178 1707 5217 vero
1733 5179 1800 5217 ne
1822 5178 1952 5218 con-

365 5263 591 5317 generes
616 5251 828 5321 quidem
859 5269 1036 5319 cures,
1055 5268 1175 5323 quae
1199 5253 1414 5308 demum
1438 5254 1543 5309 erit
1567 5255 1659 5310 tibi
1687 5254 1947 5321 defensio,

367 5352 487 5395 cum
520 5341 663 5397 Deus
712 5356 926 5413 prupter
957 5355 1008 5399 te
1052 5346 1471 5415 blasphemetur,
1517 5357 1573 5403 et
1613 5348 1951 5403 contumeliis

368 5433 697 5504 impetatnr?
743 5437 1020 5507 Perpende
1064 5441 1210 5494 enim
1249 5448 1380 5511 quot
1429 5442 1586 5497 nobis
1631 5441 1771 5496 Deus
1812 5440 1952 5496 bene

364 5523 593 5579 faciendi
623 5529 934 5583 occasiones
962 5529 1190 5585 dederit.
1223 5531 1396 5599 Hunc,
1419 5532 1609 5601 inquit,
1640 5540 1703 5586 ut
1727 5531 1947 5601 sangui-

365 5634 549 5685 neum,
578 5620 720 5676 hunc
750 5632 807 5677 ut
830 5624 1083 5691 amicum,
1114 5626 1264 5680 illum
1311 5636 1367 5681 ut
1413 5628 1668 5694 vicinum,
1697 5628 1845 5683 illum
1893 5636 1951 5683 ut

365 5712 661 5780 concivem,
689 5714 851 5769 alium
878 5726 938 5771 ut
964 5716 1232 5772 hominem
1277 5720 1554 5776 miserare.
1593 5720 1744 5788 Quod
1771 5721 1817 5776 si
1848 5720 1948 5774 ho-

365 5819 484 5859 rum
512 5805 645 5861 nihil
677 5816 728 5862 te
770 5810 1028 5874 retineat,
1059 5811 1153 5864 sed
1183 5812 1360 5866 omnia
1407 5814 1619 5871 vincula
1658 5814 1945 5884 dissolvas,

720 5891 990 5953 ΡΑτιιοι.
1033 5894 1150 5956 Gn.
1202 5893 1360 5956 LIX.

1298 339 1366 395 IN
1400 338 1713 396 .IOANNEM
1749 335 1980 394 HOMIL.
2018 334 2281 394 LXXXII.
2319 339 2392 394 al.
2433 336 2671 395 LXXXI.

3535 346 3642 401 436

2049 453 2173 510 audi
2202 454 2427 510 Paulum
2458 456 2749 522 dicentem,
2780 464 2835 513 te
2874 470 2997 514 esse
3044 456 3248 515 infideli
3276 458 3643 519 deteriorem:

2048 548 2173 619 quia
2216 547 2309 602 ille
2338 563 2460 603 cum
2503 544 2635 603 nihil
2680 548 2919 605 audisset
2953 549 3021 606 de
3046 551 3413 625 eleemosyna,
3445 555 3531 610 vel
3577 556 3648 611 de

2049 639 2385 707 caelestibus,
2422 651 2475 696 te
2502 640 2682 696 tamen
2712 640 3043 697 humanitate
3085 647 3361 713 superavit
3388 665 3401 700 :
3435 654 3489 702 tu
3515 663 3647 704 vero

2044 733 2228 803 jussus
2269 732 2514 788 inimicos
2543 731 2784 802 diligere,
2818 734 3148 805 propinquos
3188 744 3246 790 ut
3276 737 3523 792 inimicos
3553 753 3643 793 re-

2052 824 2236 895 spicis,
2270 833 2325 880 et
2354 824 2595 894 pecuniis
2643 824 2815 894 magis
2863 824 3060 893 parcis,
3102 841 3262 897 quam
3305 828 3646 896 carperibns.

2049 916 2213 985 Atqui
2253 916 2453 971 divitia:
2490 918 2789 986 absumpta:
2828 917 2961 971 nihil
2988 918 3168 972 damni
3218 921 3515 988 patientur;
3559 919 3648 976 hic

2049 1025 2178 1064 vero
2203 1014 2543 1080 contemptus
2595 1009 2811 1079 peribit.
2840 1010 2971 1076 Quis
3024 1019 3153 1081 ergo
3208 1011 3359 1068 furor
3400 1015 3646 1084 pecuniis

2051 1112 2293 1170 parcere,
2322 1107 2377 1154 et
2400 1110 2655 1171 cognatos
2698 1100 3012 1171 deSpi'cere?
3049 1102 3316 1159 undenam
3364 1106 3451 1160 hic
3494 1122 3650 1161 amor

2050 1194 2128 1248 sic
2149 1190 2408 1247 invaluit?
2431 1192 2574 1248 unde
2595 1190 2740 1247 tanta
2766 1194 3125 1250 inhumanitas
3147 1194 3306 1267 atque
3321 1190 3651 1254 crudelitas?

2048 1284 2104 1341 Si
2131 1286 2251 1357 quis
2275 1285 2438 1352 enim,
2473 1287 2623 1356 quasi
2649 1286 2702 1341 in
2736 1303 2946 1344 summo
2976 1280 3189 1344 theatro
3227 1291 3443 1359 sedetis,
3475 1301 3646 1349 totum

2050 1387 2253 1447 Spectet
2278 1379 2569 1446 mundum;
2601 1380 2710 1436 imo
2750 1381 2797 1437 si
2845 1376 3040 1453 placet,
3072 1384 3341 1440 civitatem
3370 1396 3529 1440 unam
3560 1386 3645 1441 in-

2053 1469 2213 1524 terim
2241 1479 2568 1537 spectemus.

2120 1561 2175 1614 4.
2230 1558 2363 1614 Vitia
2411 1570 2601 1630 quanta
2629 1563 2770 1631 apud
2796 1562 3132 1620 Christianos.
3160 1597 3231 1606 —
3251 1566 3307 1622 Si
3351 1569 3476 1639 quis
3517 1579 3648 1641 ergo

2053 1649 2107 1705 in
2155 1652 2371 1707 sublimi
2402 1653 2595 1709 sedens
2625 1652 2855 1709 humana
2886 1657 3066 1712 omnia
3108 1657 3293 1713 videre
3322 1671 3527 1729 posset,
3555 1672 3648 1717 co-

2051 1748 2157 1817 gita
2183 1756 2434 1817 quantam
2478 1749 2902 1817 reprehenderet
2941 1750 3242 1819 stultitiam,
3274 1763 3500 1823 quantas
3525 1755 3647 1809 iun-

2054 1842 2209 1898 deret
2248 1842 2535 1914 lacrymas,
2560 1854 2718 1913 quam
2745 1834 2913 1899 eii‘use
2934 1844 3156 1908 rideret,
3180 1855 3437 1916 quantum
3464 1847 3647 1903 odium

2053 1938 2378 2007 conciperet.
2412 1938 2485 1992 Ea
2530 1938 2673 1993 enim
2720 1939 2964 2005 facimus,
2994 1955 3113 2009 qua:
3162 1940 3293 2007 risu,
3339 1938 3542 2006 furore,
3569 1940 3649 1996 la-

2052 2029 2249 2100 c'rymis
2280 2038 2334 2084 et
2356 2029 2480 2083 odio
2505 2028 2663 2099 digna
2691 2030 2819 2085 sint.
2850 2030 2944 2086 Ille
2982 2045 3144 2086 canes
3168 2032 3282 2097 alit,
3315 2040 3372 2087 ut
3392 2026 3535 2089 l‘eras
3559 2049 3650 2087 cas

2052 2122 2180 2193 piat,
2210 2124 2301 2194 qui
2333 2124 2446 2191 ipse
2474 2124 2527 2177 in
2556 2124 2821 2179 feritatem
2865 2122 3089 2179 incidit:
3129 2124 3220 2180 ille
3247 2127 3430 2182 asinos
3452 2128 3509 2182 et
3532 2130 3650 2181 tau-

2051 2230 2163 2277 ros,
2188 2224 2244 2269 ut
2266 2214 2470 2285 lapides
2493 2215 2802 2278 transferat,
2826 2214 2954 2269 dum
2981 2206 3231 2270 homines
3251 2216 3482 2286 despicit
3507 2218 3648 2273 fame

2054 2316 2361 2377 pereuntes.
2394 2307 2597 2361 Aurum
2628 2306 2951 2361 immensum
3003 2306 3284 2376 impendit,
3314 2316 3374 2361 ut
3411 2308 3649 2378 lapideos

2054 2390 2301 2453 homines
2330 2396 2530 2463 faciat;
2576 2396 2701 2452 illos
2727 2406 2902 2452 autem
2938 2398 3030 2468 qui
3070 2412 3199 2452 vere
3225 2396 3471 2454 homines
3499 2407 3647 2464 sunt,

2053 2490 2247 2559 lapidei
2300 2499 2478 2545 tamen
2513 2503 2611 2560 per
2658 2478 3018 2544 calamitatem
3068 2487 3269 2557 effecti,
3323 2491 3645 2547 cuntemnit.

2053 2584 2203 2639 Alius
2224 2583 2453 2639 laminas
2478 2591 2668 2637 aureas
2698 2580 2979 2651 colligens,
3010 2596 3194 2637 muros
3221 2581 3424 2637 circum
3447 2582 3647 2639 misere

2053 2685 2313 2743 exornat,
2363 2690 2658 2745 pauperum
2713 2684 2890 2728 autem
2938 2682 3157 2743 pectora
3207 2674 3349 2729 nuda
3394 2689 3646 2740 cernens,

2055 2756 2190 2823 nihil
2218 2769 2471 2824 ﬂectitur.
2504 2768 2607 2824 Alii
2637 2768 2877 2823 vestibus
2917 2780 3082 2822 novas
3108 2768 3434 2837 escogitatas
3472 2775 3649 2823 vestes

2058 2860 2298 2927 addunt;
2346 2864 2473 2916 dum
2507 2861 2643 2915 alius
2674 2858 2805 2914 nihil
2836 2853 2999 2914 habet
3041 2872 3148 2928 quo
3201 2873 3397 2927 corpus
3446 2858 3648 2914 nudum

2054 2960 2217 3024 tegat.
2241 2947 2297 3007 In
2321 2953 2538 3022 judiciis
2566 2941 2759 3007 iterum
2788 2950 2924 3005 alius
2948 2950 3109 3005 alium
3136 2949 3381 3005 devorat.
3409 2950 3561 3005 Alius
3592 2950 3645 3005 iu

2054 3046 2369 3101 meretrices
2389 3052 2445 3101 et
2472 3043 2735 3114 parasitos
2761 3051 2857 3097 sua
2888 3041 3183 3112 profundit,
3203 3031 3343 3096 alius
3368 3041 3422 3096 in
3453 3042 3651 3097 mimos

2055 3145 2110 3193 et
2133 3137 2433 3204 saltatores,
2469 3127 2561 3192 ille
2587 3137 2640 3192 in
2669 3133 2948 3205 splendida
2976 3133 3223 3199 aedilicia,
3256 3133 3394 3188 alius
3438 3134 3651 3205 impen-

2054 3227 2134 3285 dit
2162 3228 2214 3283 in
2246 3228 2491 3283 emendis
2531 3227 2749 3297 praediis
2776 3230 2832 3282 et
2869 3225 3140 3281 domibus.
3166 3222 3263 3281 Ille
3288 3240 3478 3281 usuras
3503 3241 3653 3281 conr-

2060 3330 2231 3394 putat,
2260 3315 2399 3378 alius
2442 3330 2723 3377 usurarum
2774 3334 2966 3375 usuras
2997 3338 3011 3374 :
3044 3320 3134 3375 ille
3169 3318 3502 3391 syngraphas
3541 3319 3648 3376 edit

2054 3408 2292 3472 caedibus
2339 3415 2548 3485 plenas,
2594 3427 2767 3483 neque
2825 3423 3085 3467 nocturna
3138 3410 3331 3467 fruitur
3359 3412 3563 3482 quiete,
3595 3412 3651 3467 in

2054 3508 2283 3562 aliorum
2304 3505 2443 3560 mala
2470 3503 2714 3575 vigilans.
2744 3501 3093 3559 Illucescente
3119 3502 3230 3569 die,
3271 3504 3410 3558 alius
3448 3504 3515 3559 ad
3548 3504 3653 3558 ini-

2055 3606 2218 3669 Quum
2246 3594 2475 3662 lucrum,
2508 3588 2645 3653 alius
2683 3596 2749 3651 ad
2777 3596 3033 3651 lascivam
3061 3597 3382 3665 impensam,
3412 3596 3551 3652 alius
3582 3589 3652 3651 ad

2054 3693 2360 3763 peculatum
2418 3692 2610 3763 pergit.
2666 3691 2724 3746 In
2776 3690 3062 3761 superfluis
3091 3694 3145 3746 et
3172 3691 3353 3745 vetitis
3396 3706 3651 3760 magnum

2061 3785 2296 3842 studium
2323 3804 2336 3840 :
2366 3787 2419 3841 in
2451 3785 2769 3841 necessariis
2794 3782 2927 3839 nihil
2957 3796 3231 3839 curarum.
3260 3783 3359 3850 Qui
3386 3784 3650 3852 iudicant,

2052 3880 2294 3952 judicum
2324 3895 2518 3936 nomen
2548 3879 2782 3946 habent;
2813 3894 2874 3935 re
2903 3888 3081 3935 autem
3111 3879 3256 3934 fures
3281 3888 3336 3935 et
3365 3878 3652 3935 homicida:

2057 3982 2204 4029 sunt.
2232 3972 2287 4028 Si
2318 3973 2439 4042 quis
2460 3972 2604 4039 lites,
2627 3971 2671 4027 si
2701 3972 2821 4042 quis
2852 3979 3170 4027 testamenta
3197 3972 3464 4040 exploret,
3486 3971 3537 4024 in
3565 3970 3649 4025 his

2057 4080 2270 4136 quoque
2290 4065 2436 4120 mille
2453 4065 2654 4121 scelera
2681 4064 2934 4134 reperiet,
2958 4061 3193 4129 fraudes,
3219 4062 3379 4129 furta,
3405 4063 3650 4120 insidias.

2058 4158 2116 4213 in
2155 4159 2237 4213 his
2261 4158 2430 4213 otium
2460 4171 2621 4211 omne
2654 4165 2939 4212 versatur:
2967 4154 3320 4225 spiritualium
3348 4170 3478 4210 vero
3515 4156 3652 4209 ratio

2057 4252 2243 4314 nulla;
2288 4250 2382 4306 sed
2431 4250 2715 4305 ecclesiam
2763 4248 2978 4303 videndi
3027 4241 3200 4303 solum
3250 4258 3411 4303 causa
3459 4258 3652 4303 Omnes

2056 4342 2418 4411 frequentant.
2469 4340 2540 4394 At
2592 4355 2697 4395 non
2744 4348 2828 4394 est
2876 4339 2980 4393 hoc
3006 4339 3150 4408 quod
3202 4339 3512 4407 quzerimus,
3554 4337 3651 4394 sed

2057 4432 2311 4503 operibus
2361 4431 2518 4486 nobis
2545 4441 2599 4485 et
2646 4445 2781 4499 puro
2809 4430 2990 4485 animo
3036 4436 3121 4484 est
3150 4444 3306 4498 opus.
3333 4428 3424 4484 Sin
3470 4439 3650 4484 autem

2059 4526 2111 4579 in
2153 4526 2391 4579 avaritia:
2432 4524 2609 4579 studio
2638 4533 2802 4579 totam
2855 4523 3119 4592 transigas
3156 4522 3325 4589 diem,
3359 4532 3653 4593 posteaque

2056 4610 2145 4671 hic
2173 4616 2446 4686 ingressus
2491 4629 2657 4684 pauca
2685 4614 2845 4667 verba
2885 4613 3110 4681 dixeris,
3139 4628 3245 4669 non
3277 4614 3439 4669 modo
3481 4613 3652 4669 Deum

2058 4720 2164 4763 non
2194 4710 2435 4778 placasti,
2466 4708 2561 4764 sed
2594 4711 2815 4765 multum
2844 4712 3088 4767 irritasti.
3121 4713 3176 4766 Si
3216 4712 3360 4767 enim
3409 4711 3506 4766 tibi
3535 4712 3645 4765 Do-

2057 4801 2259 4855 minum
2299 4801 2587 4856 conciliare
2616 4803 2871 4869 volueris,
2908 4819 3072 4872 opera
3116 4803 3309 4859 exhibe
3336 4821 3349 4856 :
3380 4798 3530 4859 disce
3561 4818 3654 4859 ca-
3684 4862 3687 4876 ι

2057 4891 2352 4947 Iamitatum
2398 4893 2591 4947 molem
2614 4936 2629 4959 ,
2660 4896 2867 4963 reSpice
2907 4896 3100 4962 nudos,
3128 4893 3424 4961 famelicos,
3455 4896 3651 4966 injuria
3687 4944 3690 4971 ς

2057 4988 2245 5041 Izesos:
2267 4987 2463 5041 multas
2480 4987 2570 5042 tibi
2592 4987 2907 5043 exhibendas
2922 4986 3269 5044 humanitatis
3284 4991 3400 5044 vias
3419 4991 3646 5059 aperuit.

2056 5077 2133 5131 Ne
2164 5079 2340 5148 itaque
2370 5094 2467 5133 nos
2495 5080 2639 5148 ipsos
2669 5080 3022 5149 decipiamus,
3050 5080 3246 5135 frustra
3274 5091 3329 5136 et
3378 5082 3649 5136 incassum
3690 5068 3693 5071 ’

2059 5169 2313 5233 vivendo,
2347 5186 2543 5240 neque,
2575 5173 2698 5240 quia
2746 5188 2889 5230 nunc
2918 5173 3055 5228 bene
3096 5175 3356 5239 valemus,
3386 5173 3653 5242 despicia-

2057 5277 2210 5327 mus;
2254 5262 2349 5318 sed
2378 5265 2674 5333 cogitantes
2705 5280 2803 5319 nos
2832 5280 2978 5335 saepe
3004 5266 3057 5320 in
3087 5267 3332 5321 morbum
3377 5266 3649 5334 delapsos,

2057 5366 2112 5409 et
2142 5356 2195 5410 in
2221 5358 2478 5420 extremis
2525 5359 2746 5427 positos,
2782 5367 2991 5413 terrore
3020 5367 3077 5414 et
3106 5357 3409 5414 futurorum
3457 5372 3653 5426 exspe-

2058 5448 2292 5501 ctatione
2324 5462 2462 5517 pene
2489 5458 2731 5504 mortuos
2760 5450 2947 5514 fuisse,
2980 5464 3263 5505 vereamur
3290 5464 3358 5504 ne
3385 5449 3436 5503 in
3457 5449 3648 5504 eadem

2057 5537 2169 5607 ipsa
2197 5546 2253 5592 et
2282 5538 2333 5592 in
2360 5554 2543 5609 parem
2583 5550 2784 5595 metum
2812 5541 3130 5606 incidamus,
3162 5549 3217 5595 et
3243 5540 3368 5595 hinc
3396 5540 3650 5596 meliores

2058 5629 2387 5685 evadamus:
2419 5644 2542 5684 cum
2594 5646 2738 5684 nunc
2777 5632 2946 5686 simus
2988 5614 3137 5686 mille
3184 5630 3498 5686 criminibus
3547 5631 3648 5689 ob-

2057 5722 2227 5776 noxii.
2255 5720 2357 5789 Qui
2392 5720 2601 5791 judices
2626 5721 2835 5787 sedent,
2868 5722 3112 5777 leonibus
3159 5722 3486 5792 canibusque
3524 5731 3649 5778 sunt

2056 5814 2298 5880 similes;
2350 5814 2442 5884 qui
2486 5814 2540 5870 in
2582 5813 2719 5884 foro,
2750 5813 3014 5885 vulpibus.
3046 5814 3147 5883 Qui
3193 5814 3246 5870 in
3286 5815 3398 5869 otio
3425 5814 3645 5884 degunt.

3242 5909 3323 5969 ‘28
