4126 6366
481 326 582 381 N7

480 432 589 472 non
620 424 677 471 ut
702 415 938 479 deceret,
971 414 1086 470 otio
1113 412 1385 479 fruuntur,
1411 420 1622 481 tempus
1646 425 1809 465 omne
1840 410 1894 463 in
1920 410 2075 464 thea-

484 509 582 562 tris
626 515 681 561 et
710 504 1015 575 huiusmodi
1046 504 1203 559 malis
1251 510 1652 558 consumentes.
1705 502 1783 555 Ac
1832 499 1921 569 qui
1964 500 2079 554 hmo

477 599 737 654 emendet
767 598 941 652 nullus
971 606 1090 663 est;
1121 598 1210 667 qui
1253 596 1340 651 his
1386 595 1629 650 invident
1658 603 1712 649 et
1742 592 2075 656 mordentur,

475 676 622 759 quod
651 704 759 743 non
806 689 952 758 paria
984 688 1089 741 illis
1118 696 1376 758 prmstare
1403 690 1632 757 possint,
1668 685 1823 740 multi
1850 703 1862 739 :
1911 686 1982 739 ita
2023 692 2081 737 ut

478 779 534 833 hi
575 794 788 850 quoque
836 778 1090 848 puniendi
1136 779 1265 845 sint,
1297 777 1507 831 etiamsi
1553 778 1694 831 mala
1743 791 1850 830 non
1896 783 2076 845 agant.

481 870 606 926 Non
631 872 797 925 solum
840 872 973 925 enim
1002 871 1108 925 hac
1144 871 1357 940 faciunt,
1400 869 1489 923 sed
1536 879 1583 923 et
1627 886 1741 922 cum
1782 869 2079 937 facientibus

479 964 799 1017 consentiunt
828 962 1005 1031 (Rom.
1056 962 1109 1015 l.
1144 960 1260 1031 52).
1291 961 1516 1015 Animus
1548 960 1691 1015 enim
1721 960 1827 1014 illis
1857 958 2079 1029 perinde

481 1064 767 1124 corruptus
789 1062 872 1108 est
901 1070 915 1105 :
960 1051 1104 1106 unde
1136 1052 1325 1122 liquet,
1352 1067 1419 1106 ex
1448 1051 1719 1105 voluntate
1746 1049 1858 1104 sola
1888 1063 2078 1117 poenas

483 1148 621 1203 dari.
647 1146 775 1202 Ilaec
801 1144 1042 1216 quotidie
1071 1144 1212 1210 dico,
1238 1159 1412 1214 neque
1436 1142 1647 1198 dicendi
1676 1142 1836 1197 linem
1865 1141 2075 1194 l'aciam.

480 1468 611 1523 CAP.
654 1468 745 1525 18.
775 1484 826 1524 ν.
862 1470 914 1524 1.
966 1468 1093 1524 Hcce
1135 1486 1248 1522 cum
1288 1469 1499 1524 dixisset
1534 1468 1707 1533 Iesus,
1735 1485 1963 1538 egressus
2004 1476 2076 1521 est

551 1578 667 1615 cum
704 1562 975 1632 discipulis
1002 1563 1107 1615 suis
1135 1573 1275 1616 trans
1306 1571 1577 1616 torrentem
1616 1561 1838 1627 Cedron,
1863 1561 1947 1613 ubi
1970 1568 2076 1613 erat

550 1654 749 1716 hortus,
777 1654 829 1707 in
854 1671 998 1725 quem
1028 1656 1252 1707 introivit
1277 1656 1385 1725 ipse
1406 1664 1451 1708 et
1475 1655 1713 1724 discipuli
1743 1656 1877 1725 ejus.

550 1746 604 1799 1.
648 1744 988 1800 Horrendum
1024 1746 1151 1816 quid
1192 1762 1344 1801 mors
1382 1755 1466 1802 est
1502 1756 1559 1801 et
1598 1755 1806 1801 terrore
1835 1747 2069 1815 plenum,

479 1837 575 1893 sed
602 1852 709 1892 non
733 1838 797 1892 iis
825 1841 915 1909 qui
944 1854 1176 1909 superna
1208 1850 1335 1895 sunt
1363 1841 1552 1896 imbuti
1586 1841 1944 1911 philosophia.
1974 1841 2075 1907 Qui

482 1932 627 1985 enim
658 1931 725 1985 de
763 1930 959 1986 futuris
987 1933 1121 1988 nihil
1151 1934 1298 1989 clare
1326 1935 1597 2005 cognovit,
1628 1935 1724 1990 sed
1764 1935 2075 1990 dissolutio-

480 2037 604 2076 nem
634 2024 920 2091 quamdam
951 2033 1007 2079 et
1046 2026 1206 2079 ﬁnem
1232 2040 1354 2081 esse
1378 2027 1503 2081 vita:
1541 2036 1714 2096 putat,
1742 2027 1863 2096 jure
1894 2027 2077 2082 horret

478 2124 533 2170 et
561 2114 830 2182 formidat,
865 2127 923 2171 ut
966 2119 1055 2187 qui
1088 2134 1194 2172 non
1242 2120 1379 2173 ultra
1426 2118 1639 2173 futurus
1684 2121 1773 2174 sit.
1807 2118 1916 2174 Nos
1945 2134 2074 2174 vero

477 2207 568 2276 qui
598 2222 693 2276 per
719 2207 814 2261 Dei
846 2209 1073 2278 gratiam
1102 2210 1312 2264 occulta
1354 2221 1409 2264 et
1434 2209 1747 2265 abscondita
1797 2210 2074 2279 sapientia:

476 2299 592 2369 ejus
619 2299 927 2367 didicimus,
957 2312 1012 2357 et
1042 2312 1273 2357 mortem
1318 2303 1803 2373 peregrinationem
1831 2318 1950 2357 esse
1976 2318 2075 2373 pu-

481 2402 679 2457 tamus,
723 2406 833 2446 non
881 2394 1001 2461 jure
1050 2394 1435 2461 formidemus;
1491 2394 1599 2450 imo
1646 2394 1972 2465 gaudeamus
2019 2403 2074 2451 et

478 2481 624 2536 bono
658 2482 839 2538 animo
862 2485 1029 2539 simus
1058 2494 1289 2555 oportet,
1324 2488 1446 2557 quia
1474 2502 1539 2542 ex
1569 2487 1669 2541 hac
1694 2488 1834 2542 ﬂuxa
1867 2489 1975 2542 vita
2003 2488 2073 2543 ad

472 2572 632 2627 aliam
659 2575 937 2630 meliorem
955 2591 1019 2631 ac
1036 2578 1455 2646 splendidiorem
1478 2579 1745 2644 venimus,
1762 2594 1882 2649 qua:
1910 2580 2069 2634 linem

474 2677 582 2718 non
624 2663 836 2719 habeat.
865 2665 1017 2732 Quod
1045 2666 1295 2723 Christus
1324 2669 1579 2739 operibus
1626 2671 1843 2736 docens,
1877 2688 1984 2725 non
2018 2672 2071 2726 vi

474 2763 529 2811 et
554 2758 893 2826 necessitate,
923 2760 1018 2813 sed
1062 2760 1237 2815 libens
1281 2762 1348 2815 ad
1380 2764 1684 2832 passionem
1718 2765 1882 2819 venit.
1921 2764 2067 2830 Ilwc,

474 2846 668 2917 inquit,
699 2849 936 2918 loquutus
960 2862 1035 2905 est
1072 2853 1245 2919 Jesus,
1271 2864 1318 2908 et
1348 2872 1576 2925 egressus
1600 2868 1674 2910 est
1713 2868 1851 2911 trans
1875 2867 2071 2912 torren-

474 2948 573 2992 tem
599 2939 819 3006 Cedron,
850 2942 937 2995 ubi
982 2954 1089 2996 erat
1135 2946 1334 3013 hortus,
1363 2948 1415 2999 in
1441 2963 1589 3015 quem
1630 2948 1854 3001 introivit
1884 2949 1993 3018 ipse
2022 2961 2071 3003 et

473 3031 712 3101 discipuli
752 3035 883 3103 ejus.
912 3038 967 3087 2.
995 3035 1199 3090 Sciebat
1234 3049 1403 3091 autem
1438 3049 1486 3092 et
1524 3039 1715 3104 ludas,
1743 3041 1828 3111 qui
1861 3041 2070 3094 tradidit

473 3142 609 3193 eum,
641 3127 852 3192 locum;
894 3130 1014 3197 quia
1058 3134 1346 3201 frequenter
1398 3132 1550 3186 Jesus
1599 3143 1897 3187 convenerat
1943 3133 2067 3188 illuc

475 3234 588 3269 cum
610 3218 876 3289 discipulis
917 3223 1043 3277 suis.
1075 3222 1245 3278 Media
1276 3235 1433 3279 nocte
1462 3225 1565 3279 iter
1594 3226 1739 3295 facit,
1770 3235 2065 3282 torrentem

474 3312 690 3379 transit,
722 3322 777 3368 et
807 3311 1026 3369 festinat
1055 3316 1121 3371 ad
1172 3317 1347 3371 locum
1380 3317 1639 3387 proditori
1683 3329 1891 3383 notum,
1938 3319 2067 3373 insi.

473 3402 773 3461 diatoribus
822 3406 1063 3463 laborem
1114 3408 1359 3464 adimens
1405 3419 1460 3465 et
1512 3409 1761 3465 sudorem
1823 3426 2061 3477 omnem,

470 3497 815 3568 ostenditque
838 3498 1116 3570 discipulis
1145 3516 1205 3556 se
1232 3516 1298 3555 eo
1349 3501 1621 3557 lubentem
1660 3503 1845 3557 venire
1879 3520 1891 3556 :
1921 3502 2064 3573 quod

468 3591 646 3661 ipsum
702 3595 937 3648 maxime
984 3594 1255 3649 consolari
1302 3609 1397 3649 eos
1441 3604 1686 3663 poterat;
1735 3610 1963 3665 seseque
2008 3597 2063 3649 in

468 3683 627 3739 horto
652 3686 802 3755 quasi
848 3687 900 3740 in
932 3702 1149 3742 carcere
1200 3688 1361 3742 locat.
1398 3687 1525 3741 Hcce
1556 3689 1791 3759 loquutus
1842 3697 1916 3742 est
1969 3690 2058 3743 eis.

471 3771 613 3842 Quid
652 3775 774 3831 ais?
819 3776 1032 3833 Patrem
1074 3787 1342 3843 oraverat,
1392 3778 1604 3833 Patrem
1634 3789 1884 3849 precatus
1924 3791 2060 3834 erat.

466 3867 575 3921 Cur
598 3882 728 3939 ergo
753 3885 860 3924 non
883 3871 1017 3925 dicis
1038 3872 1233 3941 ipsum,
1250 3870 1397 3925 ﬁnita
1419 3873 1685 3937 oratione,
1704 3872 1797 3925 illo
1816 3872 2062 3926 venisse?

466 3959 605 4027 Quia
634 3976 740 4015 non
772 3963 1010 4032 precatio
1038 3971 1172 4027 erat,
1207 3963 1301 4017 sed
1331 3963 1622 4033 alloquutio
1661 3971 1878 4032 pr0pter
1897 3964 2062 4017 disci-

464 4051 623 4121 pulos
652 4051 814 4108 faCta.
849 4054 917 4108 Et
956 4056 1279 4110 introierunt
1304 4054 1551 4125 discipuli
1598 4055 1654 4109 in
1702 4054 1938 4111 hortum.
1984 4056 2061 4110 Ita

468 4153 617 4198 mem
655 4144 901 4200 liberavit
929 4161 1043 4213 eos,
1068 4155 1128 4201 ut
1158 4162 1265 4201 non
1294 4148 1612 4213 abnuerent,
1642 4148 1735 4202 sed
1764 4148 1816 4202 in
1843 4148 2061 4203 hortum

463 4235 895 4307 ingrederentur.
928 4238 1046 4304 Quo
1099 4249 1374 4308 permotus
1406 4239 1573 4294 Judas
1616 4240 1708 4294 illo
1735 4239 1919 4294 venit?
1971 4238 2059 4294 vel

462 4327 607 4383 unde
630 4328 822 4383 didicit
849 4329 942 4383 illo
969 4331 1292 4385 veniendum
1337 4334 1499 4387 esse?
1525 4332 1661 4387 lline
1690 4334 1855 4402 liquet
1877 4331 2059 4387 Jesum

463 4435 610 4490 saepe
631 4421 759 4474 foris
778 4425 1195 4490 pernoctavisse.
1220 4422 1402 4492 Neque
1428 4424 1569 4478 enim
1600 4424 1645 4478 si
1677 4424 1821 4477 domi
1841 4424 2055 4493 egisset,

463 4510 555 4575 ille
584 4512 641 4564 in
662 4510 935 4566 desertum
964 4512 1142 4566 locum
1170 4514 1427 4579 venisset,
1457 4515 1548 4569 sed
1577 4515 1819 4579 domum,
1848 4525 1907 4569 ut
1933 4515 2059 4569 dor-

465 4604 719 4657 mientem
764 4604 873 4658 illic
916 4613 1154 4674 caperet.
1184 4604 1262 4659 Ne
1292 4621 1424 4660 vero
1468 4607 1684 4661 hortum
1729 4608 1971 4671 audiens,
2003 4606 2058 4661 in

462 4695 744 4750 latibulum
773 4698 989 4751 venisse
1031 4708 1271 4767 putares,
1305 4699 1453 4753 addit
1484 4717 1496 4753 :
1538 4699 1741 4754 Sciebat
1781 4700 1946 4753 Judas
1976 4700 2057 4753 lo-

462 4803 616 4853 cum;
649 4804 824 4858 neque
868 4789 920 4843 id
963 4798 1190 4856 tantum,
1223 4790 1339 4855 sed,
1371 4792 1506 4856 Quia
1546 4793 1830 4862 frequenter
1875 4808 2055 4846 conve-

461 4890 605 4934 uerat
626 4882 748 4934 illuc
768 4898 881 4935 cum
910 4883 1176 4954 discipulis
1204 4885 1328 4937 suis.
1363 4883 1519 4954 Saepe
1549 4901 1780 4953 namque
1806 4900 1927 4939 cum
1954 4885 2058 4938 illis

460 4976 843 5041 conveniebat,
866 4986 924 5029 ut
954 4977 1182 5031 seorsim
1207 4977 1276 5031 de
1302 4980 1623 5032 necessariis
1665 4980 1783 5033 illos
1812 4980 2057 5048 alloque-

459 5081 629 5133 retur,
664 5084 782 5139 qua:
815 5083 919 5123 non
948 5085 1047 5140 par
1068 5078 1184 5124 erat
1213 5071 1345 5125 alios
1372 5071 1577 5126 audire.
1611 5070 1747 5124 Illud
1775 5087 1904 5125 vero
1931 5070 2058 5124 facit

461 5162 511 5214 in
547 5160 820 5215 montibus
845 5168 901 5214 et
930 5161 1369 5227 hortis,tumultu
1385 5178 1611 5217 vacuum
1640 5164 1813 5216 locum
1845 5177 2059 5231 semper

459 5267 734 5322 quarrens,
765 5268 833 5308 ne
877 5254 1151 5309 auditores
1200 5270 1229 5307 a
1270 5255 1512 5309 doctrina
1565 5257 2055 5325 interpellarentur.

458 5347 512 5399 5.
540 5344 709 5401 ludas
733 5355 903 5400 autem
941 5364 1057 5401 cum
1096 5349 1369 5417 accepisset
1404 5351 1681 5415 cohortem,
1711 5360 1756 5403 et
1783 5367 1815 5401 a
1843 5350 2055 5419 pontiﬁ-

454 5438 600 5491 cibus
625 5448 673 5491 et
703 5438 980 5495 Pharisazis
1007 5441 1283 5503 ministros,
1303 5442 1435 5495 venit
1476 5442 1620 5495 illuc.
1645 5442 1709 5495 Hi
1750 5456 1893 5511 saepe
1922 5442 2056 5495 alias

459 5531 717 5584 miserant
736 5532 825 5600 qui
846 5531 1308 5602 apprehendercnt
1324 5548 1444 5587 eum
1464 5549 1477 5598 ;
1507 5532 1601 5587 sed
1620 5549 1725 5587 non
1745 5541 2052 5602 potuerant.

460 5621 614 5677 Unde
634 5624 804 5691 palam
822 5634 921 5688 est,
938 5633 1063 5679 tunc
1080 5626 1226 5679 illum
1246 5641 1305 5680 se
1323 5636 1514 5698 sponte
1528 5626 1829 5681 tradidisse.
1849 5627 1916 5680 Et
1932 5643 2053 5697 quo-

462 5714 622 5769 modo
648 5715 698 5768 id
721 5714 930 5769 cohorti
955 5718 1275 5772 suaserunt?
1303 5718 1497 5773 Milites
1524 5721 1785 5788 erantqui
1816 5718 2054 5787 pecunia:

459 5821 618 5861 causa
669 5808 801 5863 nihil
850 5824 959 5864 non
990 5825 1150 5880 agere
1187 5813 1356 5881 parati
1406 5822 1577 5869 erant.
1611 5812 1846 5869 4.1esus
1888 5820 2053 5866 autem

1203 321 1260 377 S.
1299 318 1580 377 JOANNIS
1627 314 2107 373 CHRYSOSTOMI
2160 317 2477 375 ARCHIEP.
2512 319 3054 376 CONSTANTINOP.

3661 325 3765 380 με

2183 408 2315 463 Nam
2340 412 2382 465 si
2404 412 2640 480 quipiam
2663 412 2903 477 audiant,
2932 413 2985 467 id
3012 413 3143 467 lucri
3168 413 3450 481 Obveniet;
3484 414 3565 471 sin
3590 417 3769 471 nullus

2184 502 2443 570 attendat,
2474 513 2598 558 tunc
2642 520 2772 559 sane
2825 504 3073 571 audietis,
3102 521 3224 561 cum
3274 506 3404 561 nihil
3454 524 3574 565 esse
3632 510 3767 565 lucri

2184 592 2402 661 poterit,
2432 608 2633 663 vosque
2656 596 2802 664 ipsos
2830 595 3170 658 damnabitis.
3202 614 3406 668 nosque
3429 600 3581 669 culpa
3611 602 3767 657 liberi

2185 686 2408 740 erimus.
2444 686 2638 741 Verum
2667 689 2803 743 absit
2832 698 2889 742 ut
2918 689 3055 744 hanc
3087 690 3259 744 solum
3283 691 3647 747 defensionem
3678 709 3768 748 re—

2186 780 2459 844 feramus;
2502 781 2597 835 sed
2629 782 2832 835 utinam
2860 797 2954 836 vos
2994 783 3149 837 nobis
3186 784 3355 853 gloria
3381 785 3496 838 sitis
3521 796 3641 840 ante
3670 788 3768 841 tri-

2186 870 2346 923 bunal
2376 869 2595 935 Christi,
2621 880 2675 925 ut
2699 872 2803 926 illis
2834 872 2988 925 simul
3026 873 3263 927 fruamur
3303 874 3477 939 bonis,
3519 877 3684 944 gratia
3714 887 3773 932 et

2186 961 2513 1031 benignitate
2545 962 2759 1016 Domini
2790 965 2955 1017 nostri
2986 963 3111 1017 Jesu
3140 964 3355 1029 Christi,
3385 967 3596 1035 quicum
3628 968 3769 1021 Patri

2183 1053 2373 1121 gloria,
2407 1068 2620 1123 unaque
2642 1062 2829 1109 sancto
2856 1054 3100 1124 Spiritui,
3132 1056 3183 1109 in
3212 1057 3406 1111 smcnla
3429 1058 3767 1113 sreculorum.

2186 1145 2377 1198 Amen.

1757 1343 2094 1406 HOMILIA
2140 1345 2497 1407 LXXXIII.

2184 1465 2347 1519 sciens
2384 1468 2577 1534 onmia,
2599 1484 2713 1537 qua:
2740 1478 2946 1523 ventura
2985 1480 3127 1525 erant
3155 1488 3306 1542 super
3330 1490 3464 1540 eum,
3506 1480 3766 1545 processit,

2182 1567 2229 1609 et
2264 1557 2391 1609 dixit
2429 1559 2499 1611 eis
2524 1574 2542 1611 :
2573 1557 2735 1624 Quem
2772 1562 3045 1625 'quteritis?
3090 1562 3146 1617 ld
3175 1574 3278 1630 est,
3322 1580 3426 1619 non
3456 1582 3520 1620 ex
3552 1567 3765 1623 illormn

2180 1646 2411 1701 adventu
2446 1648 2559 1702 haec
2586 1650 2756 1718 primo
2783 1651 2983 1717 didicit,
3010 1653 3103 1707 sed
3142 1654 3528 1725 imperturbato
3557 1660 3760 1725 animo,

2182 1748 2240 1792 ut
2266 1743 2446 1793 omnia
2476 1740 2673 1806 sciens,
2707 1742 2821 1796 haec
2859 1746 2938 1797 sic
2966 1744 3101 1799 dixit
3126 1756 3180 1800 et
3210 1748 3354 1802 fecit.
3383 1748 3495 1803 Cur
3527 1766 3648 1805 cum
3685 1768 3765 1807 ar-

2181 1833 2283 1887 mis
2312 1833 2459 1887 illum
2489 1836 2695 1903 capturi
2723 1837 2983 1891 veniunt?
3020 1838 3306 1894 Timebant
3336 1842 3452 1911 ejus
3491 1859 3765 1913 sequaces,

2180 1933 2236 1979 et
2265 1924 2406 1990 ideo,
2440 1926 2756 1997 intempesta
2786 1938 2963 1995 nocte,
2994 1930 3044 1984 id
3077 1934 3314 2001 aggressi
3342 1942 3484 1988 sunt.
3520 1935 3767 2004 Egressus

2182 2015 2311 2069 dixit
2342 2019 2453 2071 eis:
2496 2018 2655 2083 Quem
2685 2022 2950 2087 quteritis?
2998 2022 3051 2075 5.
3085 2022 3475 2092 Responderunt
3500 2027 3563 2094 ei,
3593 2025 3768 2081 Iesum

2181 2106 2531 2162 Nazarenum.
2586 2110 2774 2165 Viden’
2821 2112 3235 2183 insuperabilem
3288 2117 3600 2184 potentiam,
3631 2132 3767 2187 quo-

2180 2199 2343 2254 modo
2367 2204 2421 2254 in
2450 2201 2630 2256 medio
2656 2203 2958 2258 consistens
3001 2206 3146 2275 ipsos
3190 2209 3574 2263 exeaecaverit?
3615 2210 3767 2277 Quod

2178 2291 2323 2347 enim
2364 2292 2418 2346 id
2447 2308 2555 2347 non
2586 2309 2653 2348 ex
2696 2295 2932 2350 tenebris
2964 2297 3137 2351 noctis
3162 2299 3489 2367 proveniret,
3519 2300 3768 2357 indicavit

2178 2386 2525 2457 evangelista,
2554 2402 2675 2442 cum
2718 2388 2872 2455 dixit,
2902 2389 3025 2445 illos
3065 2390 3208 2445 taces
3246 2391 3517 2449 habuisse.
3547 2394 3767 2451 Etiamsi

2135 2473 2162 2505 ⁸
2179 2493 2309 2533 vero
2338 2479 2483 2534 faces
2508 2494 2616 2534 non
2640 2480 2958 2549 adfuissent,
2987 2498 3053 2538 ex
3078 2500 3210 2540 voce
3237 2488 3487 2556 cognosci
3520 2498 3761 2558 poterat:

2176 2570 2318 2640 quod
2349 2573 2394 2627 si
2421 2572 2495 2627 illi
2524 2572 2861 2643 ignorabant,
2891 2578 3162 2645 quomodo
3192 2579 3438 2648 ignorare
3478 2584 3649 2652 potuit
3673 2582 3767 2638 Ju-

2175 2661 2293 2726 das,
2311 2662 2402 2732 qui
2425 2665 2734 2734 frequenter
2754 2680 2874 2720 cum
2902 2668 3018 2737 ipso
3040 2668 3194 2723 erat?
3220 2670 3351 2723 Nam
3376 2680 3429 2725 et
3462 2673 3574 2742 ipse
3595 2674 3767 2728 stabat

2174 2766 2297 2808 cum
2333 2754 2430 2820 eis,
2472 2770 2571 2810 nec
2609 2757 2729 2826 plus
2756 2773 2915 2829 quam
2947 2759 3025 2813 illi
3067 2762 3413 2831 agnoscebat,
3448 2764 3555 2818 imo
3604 2767 3765 2821 etiam

2174 2858 2298 2899 cum
2326 2846 2435 2901 illis
2464 2848 2688 2918 supinus
2716 2850 2895 2921 lapsus
2920 2860 3024 2907 est.
3063 2851 3120 2907 Id
3158 2870 3287 2909 vero
3331 2856 3453 2911 fecit
3494 2855 3669 2925 Jesus,
3705 2869 3764 2913 ut

2174 2937 2505 3002 ostenderet,
2538 2955 2632 2994 eos
2660 2957 2720 2996 se
2750 2942 2802 2997 in
2848 2943 3027 2998 medio
3053 2954 3280 3000 stantem
3327 2963 3432 3002 non
3478 2950 3636 3004 modo
3659 2967 3764 3005 non

2173 3046 2395 3102 capere,
2425 3032 2519 3088 sed
2548 3049 2614 3089 ne
2641 3036 2822 3091 videre
2851 3038 3067 3107 quidem
3096 3053 3276 3108 posse,
3310 3042 3415 3096 nisi
3443 3042 3557 3112 ipse
3586 3044 3763 3098 vellet.

2173 3123 2225 3178 7.
2270 3123 2471 3179 Iterum
2514 3128 2636 3180 dicit
2672 3128 2778 3182 illis
2804 3145 2822 3182 :
2853 3130 3013 3196 Quem
3042 3133 3316 3201 quaeritis?
3363 3134 3408 3189 Ο
3447 3135 3757 3191 stultitiam!

2173 3214 2350 3271 Verbo
2378 3217 2501 3273 illos
2530 3220 2752 3288 supinos
2780 3223 3094 3290 prostravit,
3121 3240 3296 3293 neque
3335 3227 3405 3279 ita
3445 3227 3763 3297 resipiseunt

2172 3317 2373 3363 tantam
2407 3312 2612 3379 experti
2642 3320 2982 3381 potestatem,
3008 3316 3099 3369 sed
3128 3316 3315 3372 eadem
3358 3334 3542 3373 rursus
3567 3336 3753 3390 aggre-

2170 3401 2407 3456 diuntur.
2431 3403 2566 3457 Cum
2589 3415 2766 3460 autem
2794 3406 2936 3475 quod
2963 3423 3117 3461 suum
3145 3418 3259 3463 erat
3288 3403 3585 3479 implesset,
3629 3422 3754 3467 tunc

2170 3492 2384 3549 demum
2428 3497 2663 3565 seipsum
2716 3499 2896 3564 tradit,
2929 3500 3111 3570 aitque
3156 3501 3304 3555 illis:
3342 3502 3395 3556 8.
3438 3502 3561 3556 Dixi
3602 3505 3755 3570 vobis,

2168 3587 2289 3657 quia
2308 3603 2397 3658 ego
2422 3604 2553 3641 sum.
2590 3588 2770 3643 Stabat
2800 3600 2966 3643 autem
2996 3601 3043 3644 et
3072 3590 3105 3644 J
3111 3593 3238 3647 udas
3265 3594 3352 3664 qui
3372 3594 3601 3653 tradebat
3621 3612 3755 3651 eum.

2168 3681 2547 3736 Animadverte
2596 3684 2939 3753 evangelista:
2983 3684 3443 3752 moderationem,
3491 3688 3759 3757 quomodo

2167 3789 2276 3828 non
2318 3775 2604 3829 maledicat
2645 3777 2938 3846 proditori,
2993 3777 3088 3831 sed
3145 3792 3258 3833 rem
3302 3788 3505 3850 gestam
3554 3790 3753 3847 narret,

2169 3860 2331 3919 unum
2362 3866 2650 3920 ostendere
2683 3867 2926 3933 studens,
2954 3877 3142 3932 totum,
3168 3870 3259 3924 illo
3282 3872 3645 3939 permittente,
3679 3871 3757 3926 fa-

2166 3964 2309 4009 ctum
2338 3970 2478 4010 esse.
2504 3954 2631 4011 lude
2660 3972 2725 4011 ne
2751 3958 2870 4026 quis
2897 3957 3121 4023 diceret,
3144 3958 3315 4028 ipsum
3342 3960 3612 4036 Christum
3638 3978 3756 4018 sese

2166 4047 2483 4117 prodeuntem
2513 4057 2568 4103 et.
2618 4058 3004 4103 monstrantem
3057 4050 3176 4104 illos
3222 4051 3289 4105 ad
3338 4050 3391 4106 id
3441 4054 3752 4122 impulisse;

2166 4155 2449 4217 postquam
2477 4145 2722 4199 exhibuit
2751 4146 2951 4211 omnia,
2985 4161 3103 4215 qua:
3132 4146 3252 4199 illos
3281 4147 3584 4202 absterrere
3606 4158 3756 4218 pote-

2165 4246 2308 4302 rant,
2337 4236 2461 4306 quia
2490 4237 2542 4291 in
2574 4236 2809 4305 nequitia
2852 4237 3290 4306 perseverabant,
3324 4238 3632 4307 nullamque
3661 4240 3756 4293 ha-

2164 4327 2365 4381 bebant
2412 4329 2775 4382 excusationis
2820 4343 3028 4395 ansam,
3062 4337 3187 4382 tunc
3236 4330 3470 4399 seipsum
3518 4331 3752 4395 tradidit,

2163 4419 2351 4475 dicens
2382 4436 2398 4474 :
2432 4420 2494 4475 Si
2518 4437 2637 4491 ergo
2659 4436 2737 4473 me
2756 4421 2994 4489 quarritis,
3021 4422 3167 4475 sinite
3194 4421 3285 4475 hos
3311 4421 3467 4485 abire,
3490 4439 3656 4491 usque
3686 4426 3751 4478 ad

2164 4510 2409 4564 ultimam
2457 4511 2641 4565 horam
2689 4526 2837 4565 suam
2871 4526 2993 4581 erga
3044 4512 3162 4565 illos
3190 4512 3564 4582 benignitatem
3598 4516 3753 4568 exhi-

2163 4604 2317 4660 bens.
2345 4604 2399 4659 Si
2444 4620 2529 4658 me
2559 4620 2695 4673 opus
2725 4605 2947 4669 habetis,
2984 4605 3173 4673 inquit,
3208 4606 3339 4658 nihil
3364 4620 3484 4660 cum
3528 4609 3641 4661 istis
3684 4610 3755 4662 sit

2163 4699 2316 4753 vobis
2354 4713 2657 4753 commune.
2697 4698 2837 4752 Ecce
2879 4700 3141 4767 meipsum
3175 4699 3348 4751 trado.
3383 4705 3435 4754 υ.
3470 4698 3537 4753 Ut
3567 4701 3753 4770 imple~

2162 4807 2304 4846 retur
2330 4808 2492 4845 sermo
2514 4808 2659 4860 quem
2681 4791 2828 4855 dixit,
2848 4792 2966 4861 quia
2994 4807 3093 4843 non
3122 4792 3320 4859 perdidi
3362 4808 3423 4845 ea:
3452 4791 3556 4844 illis
3577 4810 3751 4860 quem-

2162 4899 2333 4952 quam.
2351 4882 2711 4937 Perditionem
2733 4891 2910 4935 autem
2938 4881 3024 4935 hic
3040 4881 3188 4946 dicit,
3206 4898 3309 4936 non
3338 4892 3561 4938 mortem
3592 4891 3749 4949 hanc,

2164 4976 2258 5031 sed
2289 4976 2434 5029 illam
2463 4984 2746 5030 aeternam.
2774 4974 3113 5043 Evangelista
3141 4984 3317 5029 autem
3339 4986 3393 5029 et
3420 4977 3470 5028 in
3500 4979 3750 5045 prmSenti

2164 5069 2267 5122 hoc
2301 5068 2528 5135 accepit.
2553 5067 2771 5120 Miretur
2816 5076 2991 5120 autem
3035 5066 3154 5135 quis
3194 5066 3461 5135 quomodo
3506 5083 3607 5119 non
3656 5084 3753 5123 eos

2163 5162 2321 5215 etiam
2368 5161 2610 5229 ceperint
2649 5169 2704 5213 et
2743 5160 3096 5223 conciderint,
3128 5175 3249 5213 cum
3290 5162 3519 5215 maxime
3558 5162 3753 5217 Petrus

2164 5255 2285 5309 illos
2331 5255 2651 5317 concitaret,
2684 5269 2805 5306 cum
2858 5254 3134 5306 mulctavit
3180 5268 3414 5308 servum.
3444 5254 3574 5322 Quis
3627 5256 3753 5308 illos

2163 5347 2429 5402 detinuit?
2460 5347 2575 5401 Non
2602 5346 2766 5409 aliud,
2795 5361 2953 5414 quam
2984 5346 3099 5415 ipsa
3124 5346 3203 5400 vis
3228 5362 3346 5416 qua:
3384 5348 3502 5401 illos
3527 5351 3751 5417 supinos

2162 5441 2472 5510 prostravit.
2493 5438 2645 5505 Quod
2672 5438 2937 5507 signiﬁcat
2958 5439 3304 5507 evangelista,
3326 5454 3445 5493 cum
3472 5440 3753 5495 declarans

2164 5532 2215 5585 id
2242 5547 2349 5585 non
2379 5546 2443 5585 ex
2484 5530 2697 5583 illorum
2729 5529 3332 5597 voluntateprolectum
3369 5545 3511 5590 esse.
3541 5532 3635 5585 sed
3686 5549 3752 5587 ex

2163 5621 2538 5693 comprehensi
2563 5622 2759 5675 virtute
2784 5633 2943 5689 atque
2969 5622 3251 5685 sententia,
3276 5622 3454 5676 addit:
3488 5623 3554 5677 Ut
3582 5640 3749 5678 sermo

2164 5717 2463 5779 impleretur
2487 5730 2633 5785 quem
2661 5714 2811 5779 dixit,
2847 5712 3037 5766 Nullus
3060 5728 3121 5765 ea:
3144 5713 3214 5765 eis
3240 5714 3406 5782 periit.

2234 5808 2290 5862 2.
2327 5806 2596 5875 Quomodo
2632 5803 2819 5861 Petrus
2850 5803 3078 5876 gladium
3125 5803 3354 5858 habuerit
3388 5806 3575 5877 illoque
3600 5808 3756 5878 fuerit
