4082 6400
589 399 687 453 703

582 528 763 584 gnam,
796 508 1046 584 mu.ieres
1078 525 1203 564 cum
1229 509 1358 584 viris
1396 518 1728 584 concertant,
1762 508 1972 562 infirma
1998 508 2157 584 femi-

583 578 682 638 nea
711 593 894 637 natura
920 583 969 634 in
999 596 1169 650 pugna
1195 581 1417 635 viriliter
1436 582 1562 651 agit.
1593 580 1844 634 Liberum
1873 589 1955 633 est
1975 578 2161 632 volen-

583 657 726 709 tibus
750 653 935 722 jejunii
958 652 1207 706 stadium.
1232 651 1472 706 Christus
1490 652 1631 706 enim
1656 652 1903 718 c0piosus
1924 651 2161 722 praemio-

582 740 701 781 rum
748 720 965 792 largitor
1010 722 1181 776 sedet.
1213 722 1549 777 Festinemus
1593 722 1657 775 ad
1710 722 1942 792 medium
1970 720 2160 789 jejunii

580 790 1070 852 certamenznemo
1121 793 1221 847 hoc
1265 794 1540 862 spirituale
1581 801 1852 845 certamen
1891 790 2159 860 deturpet,

582 883 740 922 nemo
762 865 1003 918 ordinem
1030 864 1240 917 deserat
1270 867 1319 918 in
1347 864 1711 930 spiritualibus
1733 863 1878 917 hisce
1907 863 2162 916 certami-

584 940 758 992 nibus.
795 935 1045 989 Inimicos
1068 935 1210 990 enim
1240 932 1491 989 ferociam
1533 935 1769 1000 demisit,
1815 948 2005 1002 magna
2038 948 2159 1001 pars

582 1006 890 1063 certaminis
917 1004 1138 1074 sublata,
1164 1014 1265 1066 est.
1313 1021 1377 1059 ex
1428 1005 1519 1058 Dei
1560 1005 1760 1074 judicio
1799 1004 2039 1058 devictus
2082 1011 2165 1057 est

584 1078 847 1133 inimicus.
900 1075 954 1128 in
1006 1072 1311 1131 servitutem
1358 1072 1603 1129 redactus
1646 1084 1745 1139 est,
1800 1075 2052 1143 depulsus
2082 1084 2164 1128 est

582 1166 678 1220 per
700 1146 985 1220 jejunium,
1037 1163 1067 1199 a
1104 1145 1405 1220 ridentibus
1452 1147 1687 1220 puerulis
1731 1146 1877 1220 humi
1907 1146 2164 1220 ‘dejectus

582 1216 1098 1288 est.’epitaphioque
1128 1218 1266 1284 turpi
1312 1217 1364 1270 in
1397 1217 1743 1285 Opprobrium
1790 1218 1858 1270 ab
1907 1216 2037 1288 ipsis
2064 1216 2163 1288 do-

580 1286 769 1343 natus.
788 1287 959 1343 Nemo
989 1288 1147 1357 igitur
1190 1288 1401 1349 titubet,
1447 1289 1651 1352 dilecti,
1699 1288 1752 1341 in
1802 1286 2037 1340 medium
2082 1286 2163 1354 je-

579 1360 852 1429 juniorum
886 1356 1229 1427 progreSsus;
1260 1374 1419 1412 nemo
1445 1359 1678 1426 segniter
1718 1366 1840 1427 agat
1881 1357 1931 1410 iii
1976 1356 2167 1429 mediis

581 1428 959 1486 Certaminibus
989 1447 1002 1482 :
1036 1438 1213 1483 nostra
1263 1431 1406 1483 enim
1452 1429 1783 1498 generositas
1830 1429 1971 1481 illius
2015 1428 2164 1481 exci—

585 1503 730 1555 dium
760 1510 861 1555 est.
894 1499 948 1553 Si
995 1500 1113 1568 quis
1145 1502 1330 1570 ignave
1371 1497 1599 1568 pugnet,
1632 1500 1707 1553 illi
1738 1513 1879 1570 vires
1907 1498 2091 1552 addit:
2122 1497 2165 1551 si

582 1574 701 1641 quis
722 1572 949 1641 remisse
980 1569 1241 1636 decertet,
1279 1570 1428 1624 illum
1465 1571 1701 1624 roborat.
1732 1569 1961 1641 Strenue
1991 1570 2167 1637 itaque

584 1640 787 1697 stemus
808 1643 860 1696 in
891 1641 1203 1704 certamine,
1233 1652 1291 1695 ut
1316 1641 1560 1695 inimicus
1579 1641 1792 1710 gravius
1812 1640 1986 1693 cadat.
2011 1641 2170 1695 Cibo-

582 1730 702 1768 rum
731 1712 1055 1767 desiderium
1089 1710 1373 1781 fugiamus,
1408 1712 1677 1780 paululum
1702 1725 2126 1781 perseveremus
2150 1751 2166 1776 ,

584 1795 641 1839 ut
681 1782 1035 1838 immortalem
1060 1780 1284 1852 gratiam
1313 1782 1658 1852 accipiamus.
1686 1780 1932 1836 Comedit
1956 1780 2125 1835 Adam
2151 1822 2165 1842 ,

582 1866 638 1909 et
668 1866 841 1909 morte
879 1853 1163 1907 damnatus
1192 1863 1273 1907 est
1305 1852 1607 1922 :jejunavit
1637 1853 1810 1915 Elias.
1841 1862 1895 1907 et
1936 1852 2010 1905 illi
2052 1852 2168 1905 ett-Ii

583 1927 764 1980 claves
789 1922 1108 1979 concreditae
1131 1934 1255 1977 sunt
1282 1941 1295 1981 :
1331 1924 1462 1978 bibit
1493 1922 1624 1987 Noe,
1649 1935 1700 1977 et
1728 1933 1908 1978 mente
1938 1932 2170 1976 mutatus

584 2007 705 2051 est:
735 2006 1096 2063 temperanter
1116 1995 1225 2064 egit
1254 1995 1459 2057 Enoch,
1484 2004 1539 2049 et
1559 1995 1627 2048 ab
1656 1994 1861 2063 angelis
1879 1994 2169 2047 translatus

584 2077 708 2121 est:
744 2067 967 2121 satiatus
990 2077 1072 2120 est
1119 2065 1327 2120 Pharao
1354 2105 1371 2129 ,
1403 2076 1459 2119 et
1499 2067 1551 2119 in
1593 2066 1725 2119 mari
1764 2080 1883 2118 cum
1926 2064 2171 2118 curribus

585 2138 865 2191 demersus
893 2146 975 2191 est
1008 2155 1021 2189 :
1051 2137 1317 2206 jejunavit
1353 2135 1561 2205 Moyses
1586 2178 1600 2199 ,
1640 2146 1696 2189 et
1740 2149 1890 2189 mare
1920 2134 2129 2204 trajecit
2154 2174 2169 2197 ,

588 2224 858 2277 novosque
879 2222 1063 2262 muros
1083 2205 1145 2262 ex
1176 2208 1336 2261 ﬂuida
1358 2222 1613 2275 aquarum
1634 2216 1821 2259 natura
1848 2205 2167 2277 construxit,

586 2290 641 2332 et
673 2276 984 2347 per’novam
1017 2288 1212 2332 terram
1242 2277 1495 2347 p0pulum
1527 2278 1800 2331 deducens
1823 2318 1837 2340 ,
1869 2276 2013 2331 sicco
2038 2276 2173 2344 pede

584 2366 683 2420 per
710 2364 857 2403 mare
896 2351 1207 2402 transmisit.
1253 2348 1495 2401 lllicitum
1522 2349 1699 2420 cibum
1741 2348 1857 2401 Eva
1904 2347 2169 2420 comedit,

585 2418 639 2475 et
667 2435 853 2475 omnes
880 2435 944 2474 ex
974 2420 1063 2473 illa
1094 2420 1305 2473 oriundi
1335 2420 1490 2473 morti
1523 2418 1803 2473 traduntur
1828 2435 1841 2470 :
1874 2418 1964 2487 qui
1986 2429 2164 2471 autem

585 2508 651 2544 ex
694 2491 855 2545 Maria
897 2501 1052 2544 natus
1078 2500 1163 2544 est
1209 2491 1464 2544 Dominus
1502 2505 1529 2543 a
1571 2490 1693 2543 cibo
1733 2489 1909 2559 etiam
1937 2489 2175 2559 legitimo

586 2562 881 2626 abstinuit,
917 2570 971 2614 et
999 2577 1185 2615 omnes
1219 2577 1247 2613 a
1292 2563 1477 2614 mortis
1514 2559 1858 2615 damnatione
1901 2558 2166 2613 liberavit.

586 2632 829 2687 Paradisi
859 2632 1057 2702 lignum
1081 2642 1268 2701 gustus
1290 2642 1343 2684 ct
1369 2632 1677 2685 alimentum
1724 2630 1915 2684 mortis
1935 2639 2073 2684 erat.
2108 2627 2175 2682 In

586 2719 898 2773 quacumque
940 2702 1041 2773 die,
1074 2703 1206 2756 dicit
1252 2703 1390 2773 Deus
1418 2744 1433 2765 ,
1466 2703 1783 2755 comederitis
1809 2717 1873 2754 ex
1896 2717 1986 2766 eo,
2014 2711 2177 2773 morte

589 2770 877 2829 moriemini
923 2770 1074 2843 (Gen.
1106 2773 1161 2826 2.
1198 2774 1309 2841 l7).
1348 2771 1490 2842 Fuga
1532 2774 1721 2826 mortis
1749 2783 1862 2826 erat
1902 2772 2081 2827 crucis
2110 2772 2173 2824 li-

2056 391 2186 449 SPU
2193 391 2301 448 RM
2314 431 2329 446 .

3750 396 3867 451 τοι

2266 521 2463 577 gnum;
2512 505 2636 561 inde
2686 520 2915 576 namque
2962 508 3236 560 scaturivit
3282 507 3597 567 immortalis
3635 512 3763 565 vita.
3814 518 3860 568 Α

2264 576 2525 651 crucein
2568 578 2878 651 paradisum
2928 577 3064 651 latro
3090 581 3432 651 pertransivit
3458 622 3473 643 ,
3518 591 3864 651 mortemque

2263 663 2385 701 cum
2414 648 2518 701 vita
2550 648 2921 705 commutavit.
2968 647 3193 703 Fructus
3224 650 3437 704 invidia:
3467 651 3565 706 fuit
3589 647 3863 708 comestio

2265 720 2350 772 illa
2379 717 2446 772 de
2476 718 2619 787 ligno
2655 719 2706 772 in
2736 718 2982 786 paradiso
3008 721 3182 790 posito
3209 761 3223 781 ,
3248 730 3303 774 et
3342 722 3597 776 invidiam
3632 726 3864 780 sustulit

2264 790 2467 843 fructus
2506 790 2682 862 crucis
2719 790 3153 862 communicatio.
3202 790 3256 845 Si
3294 792 3590 862 jejuuasset
3634 794 3810 850 Adam
3836 836 3859 861 .

2266 876 2372 914 nou
2412 868 2583 913 morte
2612 859 2896 913 damnatus
2938 860 3159 924 luisset,
3205 878 3309 916 non
3347 859 3423 917 'ab
3470 864 3612 917 omni
3666 859 3867 923 labore

2265 946 2429 1004 vacua
2482 932 2752 1004 voluptate
2790 930 3028 1004 eiectus.
3068 948 3171 985 non
3196 933 3541 1004 corruptioni
3578 935 3865 1004 subjectus

2267 1002 2489 1055 fuisset:
2521 1002 2595 1054 ait
2629 1002 2824 1070 quippe
2863 1000 3041 1055 divina
3088 1000 3405 1070 Scriptura}
3436 1004 3573 1059 Deus
3599 1000 3865 1061 hominem

2267 1072 2449 1125 creavit
2478 1072 2545 1123 ad
2574 1072 2998 1140 incorruptionem
3020 1088 3040 1137 ;
3081 1074 3269 1125 invidia
3307 1086 3475 1128 autem
3503 1076 3692 1130 diaboli
3717 1095 3868 1133 mors

2264 1144 2474 1215 intravit
2502 1144 2553 1194 in
2580 1144 2827 1194 mundum
2855 1142 3013 1211 (Sap.
3040 1142 3096 1196 2.
3125 1145 3213 1199 25.
3242 1144 3359 1215 24).
3406 1146 3511 1201 Sed
3539 1150 3685 1201 venit
3708 1148 3870 1202 Chri-

2266 1227 2403 1275 SIus,
2437 1211 2551 1265 Pax
2578 1223 2770 1277 nostra,
2794 1223 2840 1265 et
2867 1215 3087 1265 medium
3115 1211 3353 1283 parietem
3379 1219 3613 1271 maceria:
3637 1220 3865 1281 solvens,

2266 1284 2578 1337 inimicitiam
2602 1285 2653 1334 in
2680 1299 2830 1336 carne
2850 1300 2940 1335 sua
2966 1283 3248 1353 (Ep/tes.2.
3270 1287 3383 1409 14).,
3418 1290 3713 1352 rescriptum
3743 1306 3875 1357 pec-

2267 1356 2370 1407 cati
2406 1355 2541 1407 cruci
2570 1354 2747 1409 aﬁixit.
2780 1354 3031 1409 abroaans
3056 1356 3327 1409 chiroaran
3367 1375 3451 1409 um
3476 1361 3648 1409 mortis
3677 1372 3868 1409 contra

2267 1356 2370 1407 cati
2406 1355 2541 1435 cruci
2570 1354 3043 1440 aﬂixitxnalltrogrfzns
3056 1354 3451 1440 chirographum
3476 1361 3648 1412 mortis
3677 1354 3868 1412 contra

2270 1442 2361 1479 nos
2414 1422 2657 1491 scriptum
2715 1422 2854 1491 (Col.
2906 1422 2973 1477 '2.
3024 1427 3134 1494 14).
3173 1422 3389 1483 .Clamat
3442 1445 3567 1481 vero
3614 1430 3811 1486 Paulus
3843 1448 3863 1485 :

2270 1496 2497 1572 (‘Iltristu‘s
2525 1512 2616 1572 nos
2639 1496 2855 1572 redemit
2883 1496 2946 1572 d_e
2974 1496 3238 1572 maledicto
3260 1499 3383 1572 legis
3408 1541 3421 1563 ,
3452 1501 3615 1570 {actus
3642 1517 3736 1572 pro
3762 1520 3869 1553 no-

2271 1567 2345 1639 lgis
2370 1567 2691 1619 maledictum
2721 1564 2865 1639 (Gal.
2898 1568 2948 1619 5.
2982 1567 3095 1639 15).
3130 1568 3233 1622 Pro
3260 1564 3463 1623 viribus
3504 1564 3653 1639 ergo'
3679 1572 3870 1626 Bene—

2272 1636 2459 1691 factori
2488 1639 2657 1691 vicem
2688 1638 2998 1710 reddamus,
3022 1638 3200 1710 dilecti
3226 1656 3241 1703 ;
3270 1642 3481 1710 exiguis
3512 1636 3683 1696 obolis
3709 1643 3868 1696 cola-

2271 1724 2391 1762 mus
2415 1724 2534 1761 eum
2562 1750 2575 1771 ,
2620 1708 2707 1776 qui
2750 1709 2901 1761 dives
2936 1718 3017 1761 est
3060 1709 3112 1763 in
3158 1708 3545 1765 misericordia.
3595 1712 3871 1767 Dominus

2273 1790 2459 1854 noster
2497 1794 2594 1848 pro
2629 1778 2783 1854 nobis
2812 1777 3098 1854 crucifixus
3117 1789 3251 1854 _est;
3283 1797 3381 1835 nos
3409 1798 3533 1835 vero
3564 1798 3868 1854 pauperem

2273 1850 2522 1914 alamus,
2571 1850 2660 1917 qui
2706 1848 2771 1901 ad
2816 1849 2933 1918 ejus
2972 1849 3256 1919 imaginem
3296 1863 3509 1905 creatus
3528 1848 3613 1909 est
3643 1848 3783 1909 :ille
3812 1857 3869 1907 in

2274 1930 2448 1974 morte
2486 1928 2727 1973 versatus
2752 1929 2855 1981 est,
2899 1932 2953 1973 ut
2996 1936 3094 1974 nos
3137 1936 3166 1974 a
3213 1931 3385 1977 morte
3426 1922 3723 1987 liberaret;
3765 1940 3870 1978 nos

2274 2002 2492 2060 propter
2533 1992 2703 2059 ipsum
2736 1992 2943 2060 exiguis
2980 1991 3153 2047 obolis
3190 1995 3257 2047 ab
3286 1995 3512 2049 exitiosa
3554 1997 3695 2050 fame
3736 2012 3872 2049 con-

2271 2076 2502 2132 generes
2533 2072 2749 2135 nostros
2765 2076 3035 2135 eruamus.
3070 2062 3185 2131 Ipse
3212 2079 3463 2134 namque,
3497 2067 3609 2133 ipse
3638 2076 3750 2129 est,
3775 2067 3873 2135 qui

2276 2130 2371 2203 per
2401 2146 2659 2206 pauperes
2700 2130 2751 2183 id
2796 2132 2937 2201 quod
2968 2143 3238 2202 erogatur,
3268 2130 3482 2206 accipit.
3519 2130 3599 2191 Ne
3636 2130 3871 2206 praeter-

2274 2202 2483 2278 curras,
2517 2217 2550 2256 ο
2582 2202 2922 2278 lioino,_eum
2952 2218 3166 2258 manum
3217 2202 3461 2278 extendit
3490 2202 3692 2278 pauper
3714 2249 3731 2271 ,
3778 2222 3871 2261 re-

2275 2275 2511 2349 spiciens
2547 2273 2612 2325 ad
2648 2274 2950 2349 Dominum,
2984 2289 3140 2349 quem
3161 2290 3267 2349 per
3296 2277 3467 2347 ipsum
3491 2273 3700 2349 excipis
3728 2294 3747 2342 ;
3776 2278 3873 2333 sed

2278 2350 2346 2418 sit
2370 2345 2463 2397 tibi
2495 2359 2683 2418 manus
2712 2345 2961 2418 pauperis
2982 2387 2997 2409 ,
3033 2345 3357 2418 thuribulum
3386 2349 3436 2401 in
3470 2349 3584 2403 foro
3611 2345 3874 2418 positum.

2277 2416 2421 2469 Loco
2448 2416 2592 2468 enim
2633 2416 2768 2484 ignis
2792 2416 3052 2469 carbones
3092 2416 3246 2472 famis
3275 2418 3434 2472 habet
3458 2435 3517 2474 se
3544 2416 3878 2475 consumen—

2278 2497 2382 2540 tes.
2430 2486 2638 2539 Incensi
2678 2487 2856 2555 itaque
2897 2487 3015 2539 loco
3044 2486 3343 2558 injiciamus
3370 2490 3558 2545 obolos
3590 2491 3731 2545 duos
3756 2532 3773 2555 ,
3818 2500 3877 2543 et

2278 2559 2422 2610 hono
2442 2558 2608 2609 odore
2636 2558 2827 2610 caelum
2876 2558 3197 2626 repleamus,
3230 2570 3286 2613 ut
3317 2560 3385 2613 de
3414 2562 3555 2614 caelis
3586 2561 3876 2613 audiamus

2280 2628 2553 2681 Christum
2593 2629 2912 2699 clamantem
2940 2698 2943 2699 ν
2996 2627 3055 2699 ln
3086 2642 3327 2699 quantum
3360 2632 3543 2694 fecistis
3579 2633 3669 2685 uni
3701 2648 3768 2686 ea:
3797 2632 3877 2683 his

2282 2700 2504 2773 minimis
2533 2740 2547 2760 ,
2577 2698 2703 2773 mihi
2738 2699 2900 2773 fecisti
2928 2698 3140 2769 (Matth.
3179 2701 3271 2756 25.
3299 2700 3391 2773 40)
3427 2720 3441 2758 :
3470 2703 3567 2773 ipsi
3606 2703 3779 2772 gloria
3821 2712 3880 2757 et

2285 2770 2566 2837 imperium
2598 2771 2649 2822 in
2677 2769 2871 2823 sucula
2902 2774 3239 2827 SiBCUIOI'UIII.

2306 2905 2499 2914 —_

612 2908 719 2917 -—
735 2907 1074 2917 -————-
1112 2905 2953 2917 -υ-Α---.ᾑ-σ--υ-*ἯΑ-ῄο--ῇμ-
2980 2905 3079 2914 —

1690 3041 2741 3158 ADMONITIO

1668 3237 1748 3298 ΙΝ
1794 3233 2273 3297 ORATIONEM
2316 3234 2819 3309 SEQUENTEM.

662 3381 895 3437 Grteculi
938 3381 1233 3450 cujuspiam
1279 3390 1361 3433 est
1399 3378 1487 3433 hic
1534 3394 1713 3433 sermo
1753 3420 1769 3443 ,
1822 3380 1911 3448 qui
1957 3377 2180 3433 Joannis

596 3452 963 3525 Clirysostomi
1006 3468 1201 3506 nomen
1245 3451 1346 3521 ipsi
1375 3453 1666 3521 praeposuit
1709 3462 1765 3503 ut
1810 3465 2015 3503 merces
2055 3465 2181 3504 suas

2287 3378 2604 3434 venditaret.
2634 3380 2764 3435 ’l‘am
2804 3380 3073 3436 inficetum
3103 3383 3421 3451 opusculum
3448 3382 3609 3437 edere
3638 3398 3703 3436 nc
3729 3385 3877 3453 cogi-

2292 3461 2557 3506 tassemus
2582 3453 2831 3521 quidem,
2867 3455 2968 3508 nisi
2993 3453 3220 3509 Savilius
3248 3455 3391 3524 prior
3422 3454 3698 3508 edidisset.

1864 3677 1928 3720 IN
1961 3676 2167 3719 RAMOS
2212 3675 2589 3721 PALMARUK.

2000 3817 2467 3845 *—

674 3916 722 3970 l.
767 3913 845 3968 Ex
876 3910 1145 3967 miraculis
1180 3910 1232 3965 in
1278 3909 1534 3983 miracula
1578 3910 1787 3966 Domini
1833 3914 2179 3983 gradiantur,

600 3988 813 4049 fratres,
846 3994 901 4038 et
928 3997 1115 4037 eamus
1143 3983 1292 4050 quasi
1321 3981 1388 4035 de
1418 3982 1612 4034 virtute
1646 3984 1698 4035 in
1727 3981 2000 4039 virtutem.
2031 3981 2185 4043 Sicut

600 4058 739 4112 enim
773 4057 824 4109 in
850 4063 1035 4109 catena
1065 4068 1221 4106 aurea
1267 4053 1476 4105 annulis
1511 4054 1616 4106 alio
1659 4055 1746 4107 alii
1797 4055 2011 4111 insertis
2058 4073 2189 4112 coo-

600 4136 799 4186 stante.
818 4141 953 4178 unus
978 4124 1066 4177 alii
1095 4123 1395 4194 copulatur,
1415 4133 1468 4176 et
1494 4124 1686 4191 singuli
1721 4126 2029 4181 inseruntur
2050 4132 2188 4184 alter

601 4200 657 4253 in
679 4199 905 4251 alterum
945 4195 1246 4248 successive
1275 4210 1287 4246 :
1318 4194 1395 4247 sic
1424 4206 1734 4267 sanctorum
1774 4195 2185 4267 Evangeliorum

602 4267 858 4323 miracula
904 4276 1088 4320 mutuo
1116 4274 1171 4317 et
1213 4266 1513 4318 successive
1557 4267 1800 4331 cupitiala
1833 4308 1846 4329 ,
1896 4269 2185 4324 Ecelesiam

604 4339 703 4393 Dei
725 4337 1051 4391 celebritatis
1080 4346 1347 4389 amantem
1369 4334 1638 4389 deducunt
1658 4347 1711 4391 et
1737 4337 2008 4393 laetiﬁcant
2031 4380 2048 4406 ,
2081 4357 2185 4395 nou

602 4411 729 4463 cibo
755 4410 844 4478 qui
877 4408 1051 4476 perit,
1094 4406 1334 4478 sedicibo
1365 4408 1598 4461 manenti
1636 4407 1689 4460 in
1722 4410 1883 4462 vitam
1907 4420 2187 4467 aeternam.

604 4482 718 4549 Age
741 4476 890 4549 ergo,
924 4486 979 4532 et
1010 4491 1128 4538 nos,
1156 4476 1369 4549 dilecti,
1416 4478 1891 4549 inpraeparatione
1922 4482 2100 4537 cordis
2138 4494 2192 4536 et

605 4546 826 4605 attentis
869 4549 1087 4604 auribus
1105 4546 1383 4601 audiamus
1404 4548 1527 4616 quid
1555 4548 1803 4618 loquatur
1825 4551 1977 4606 nobis
2009 4554 2189 4607 Domi-

608 4636 710 4677 nus
742 4621 882 4675 Deus
938 4620 988 4672 in
1034 4618 1311 4690 prophetis
1341 4627 1393 4671 et
1428 4620 1717 4688 evangeliis
1741 4620 1809 4674 de
1840 4622 1940 4675 hac
1965 4623 2191 4678 divinis-

604 4695 741 4749 sitna
779 4690 1080 4746 festivitate.
1113 4689 1367 4759 Loquetur
1391 4704 1520 4743 sane
1569 4706 1741 4764 pacem
1769 4708 1921 4760 super
1946 4694 2193 4764 populum

606 4780 757 4819 suum
783 4804 799 4828 ,
846 4773 892 4816 et
920 4777 1072 4830 super
1104 4772 1303 4831 sanctos
1332 4776 1467 4815 suos.
1492 4769 1543 4831 et
1581 4761 1634 4813 in
1662 4778 1745 4814 eos
1769 4802 1783 4820 ,
1814 4765 1900 4831 qui
1928 4761 2023 4818 cor
2048 4782 2194 4819 suum

609 4842 902 4890 convertunt
930 4828 998 4884 ad
1032 4832 1203 4901 ipsum
1223 4828 1408 4904 _(Psal.
1440 4830 1525 4904 δέ.
1558 4828 1837 4904 9).γΗο(1ἱε
1870 4836 2196 4904 ριόιιιιειίεω

612 4906 751 4959 tuhzc
777 4905 970 4976 orbein
1002 4902 1304 4957 excitarunt
1327 4943 1342 4966 ,
1371 4911 1427 4956 et
1456 4902 1723 4957 Ecclesias
1754 4902 1983 4976 Domini
2002 4907 2197 4976 ubique

611 4978 761 5032 laetas
788 4973 1136 5045 reddiderunt
1154 4982 1208 5027 et
1232 4982 1579 5045 coronarunt,
1605 4984 1764 5045 atque
1789 4975 1914 5031 dum
1935 4993 2002 5032 ex
2023 4973 2198 5033 stadio

610 5059 889 5102 sacrorum
916 5044 1240 5114 ieiuniorum
1268 5084 1285 5110 ,
1314 5059 1489 5113 exque
1534 5044 1621 5098 illa
1652 5044 1894 5113 palwstra
1938 5048 2198 5103 adversus

612 5118 737 5170 vitia
772 5116 957 5171 fideles
984 5116 1293 5183 excipiunt,
1324 5114 1643 5184 triumphale
1665 5117 1931 5172 canticum
1969 5136 2193 5173 novum-

612 5202 716 5257 que
746 5188 889 5257 pacis
912 5185 1283 5257 spectaculum
1318 5185 1507 5239 victori
1537 5185 1751 5257 Christo
1775 5203 1971 5245 cauere
1999 5191 2199 5247 docue-

615 5255 759 5315 runt.
790 5255 979 5311 Venite
1010 5272 1137 5327 ergo
1161 5271 1371 5327 omnes,
1403 5256 1733 5311 exsultemus
1761 5260 1986 5316 Domino
2014 5281 2027 5317 :
2058 5262 2202 5315 veni-

614 5339 668 5383 te
696 5342 885 5383 omnes
910 5326 1116 5393 gentes,
1150 5326 1462 5397 plaudamus
1489 5329 1753 5392 manibus,
1777 5330 2066 5398 jubilemus
2093 5335 2202 5387 Deo

614 5399 889 5455 Servaturi
921 5409 1106 5453 nostro
1133 5400 1186 5451 iu
1214 5414 1343 5453 voce
1369 5399 1762 5455 exsultationis.
1793 5400 1960 5458 Nemo
1981 5406 2049 5458 sit
2072 5420 2203 5472 gau-

615 5472 926 5544 diovacuus
952 5511 986 5544 ,g
1009 5484 1167 5544 nemo
1217 5472 1499 5544 vocatione
1529 5474 1814 5544 privetur;
1852 5477 1973 5544 quia
2015 5490 2200 5529 semen

617 5540 1083 5616 inobsequentium
1126 5541 1177 5593 in
1207 5542 1500 5616 perniciem
1529 5540 1660 5596 ivit:
1685 5559 1844 5616 nemo
1872 5540 2108 5616 ingratus
2134 5548 2204 5599 sit

616 5615 760 5668 circa
786 5612 948 5681 Regis
973 5625 1277 5676 occursum,
1308 5628 1373 5665 ne
1398 5611 1631 5667 thalamo
1655 5611 1970 5668 excludatur
1996 5634 2009 5669 :
2044 5633 2201 5670 llellltl

524 5750 529 5754 ,
617 5684 761 5753 apud
782 5674 895 5755 nos
918 5682 1188 5755 sitgtristis
1206 5674 1290 5736 vel
1318 5690 1543 5738 maestus
1569 5683 1622 5736 in
1648 5683 1739 5755 illo
1767 5688 2104 5755 excipiendo,
2136 5704 2203 5741 ne
2244 5674 2277 5727 ἴ

619 5752 741 5808 cum
778 5752 1037 5822 improbis
1072 5753 1277 5811 civibus
1307 5756 1609 5808 damnetur.
1654 5754 1809 5808 Cives
1854 5752 2033 5810 autem
2082 5759 2202 5810 illos

620 5824 783 5895 dico,
814 5825 902 5892 qui
948 5824 1136 5895 nolunt
1176 5824 1451 5878 dominum
1490 5823 1688 5893 Regem
1731 5827 1784 5879 in
1830 5841 1888 5880 se
1941 5829 2199 5895 recipere.

623 5894 821 5948 Omnes
851 5894 958 5949 l-.eti
991 5911 1094 5949 una
1122 5909 1398 5949 curramus
1423 5934 1439 5952 .
1476 5910 1663 5949 omnes
1690 5895 1937 5952 alacriter
1966 5894 2201 5969 excipia-

2292 3935 2409 3973 mus
2434 3957 2448 3980 ,
2484 3925 2539 3972 et
2582 3913 2925 3969 ornatissime
2964 3911 3158 3968 festum
3198 3914 3552 3969 celebremus.
3587 3914 3694 3969 Pro
3719 3914 3880 3967 vesti.

2292 3990 2489 4044 mentis
2535 3986 2697 4041 corda
2755 3993 2935 4038 nostra
2994 3984 3360 4051 expandamus
3416 3997 3545 4039 ante
3594 3987 3787 4045 illum;
3835 3990 3881 4036 iu

2294 4060 2515 4129 psalmis
2554 4067 2609 4111 et
2639 4057 2930 4129 bynmiset
2954 4055 3244 4129 gratiarum
3276 4056 3573 4110 actionibus
3599 4056 3668 4129 ad
3713 4057 3879 4127 ipsum

2292 4125 2716 4191 contendamus;
2749 4135 2805 4179 et
2840 4126 2991 4189 illud,
3022 4125 3323 4180 Benedictus
3344 4129 3429 4186 qui
3458 4137 3589 4179 venit
3610 4128 3667 4179 in
3685 4125 3883 4179 nomine

2296 4202 2500 4255 Domini
2546 4201 2566 4269 (
2598 4197 2788 4252 Matth.
2820 4197 2917 4269 2i.
2942 4198 2996 4251 9.
3044 4197 3167 4269 Luc.
3200 4197 3289 4253 19.
3326 4197 3397 4253 38
3422 4198 3468 4263 ),
3520 4197 3884 4269 indesinenter

2293 4268 2607 4328 clamemus.
2635 4269 2767 4322 Nam
2791 4270 2881 4337 qui
2910 4268 3233 4323 benedicunt
3274 4269 3394 4336 ipsi,
3423 4268 3696 4322 benedicti
3724 4278 3881 4328 sunt;

2294 4356 2349 4397 et
2379 4344 2468 4409 qui
2498 4340 2839 4404 maledicunt,
2870 4339 3157 4393 maledicti.
3180 4339 3411 4393 Rursum
3438 4339 3576 4403 dico,
3608 4353 3711 4391 nec
3730 4340 3883 4391 finem

2295 4414 2486 4470 faciam
2516 4410 2833 4465 adhortandi
2860 4409 2925 4463 ad
2960 4412 3153 4464 bonum
3186 4426 3201 4465 :
3231 4409 3570 4463 benedictum
3600 4410 3883 4463 benedica-

2295 4502 2437 4542 mus.
2470 4494 2527 4537 ut
2556 4484 2623 4535 ab
2651 4482 2739 4535 illo
2770 4481 3168 4535 benedicunur.
3197 4480 3385 4534 Omnis
3414 4491 3544 4534 tetas
3573 4490 3628 4533 et
3656 4480 3886 4547 dignitas

2297 4557 2362 4609 ad
2397 4555 2605 4609 Domini
2650 4552 2832 4606 laudes
2868 4553 3160 4614 invitatur;
3206 4550 3366 4622 Reges
3410 4561 3594 4614 terrae,
3642 4560 3690 4602 et
3716 4566 3883 4602 omnes

2299 4627 2511 4698 populi,
2555 4624 3117 4698 piincipesuetpmnes
3152 4623 3352 4698 judices
3383 4631 3527 4698 teri-te
3550 4662 3565 4684 ,
3609 4622 3820 4698 iuuenes
3840 4629 3885 4698 et

2298 4692 2515 4767 uirgines
2551 4692 2730 4765 (Psal.
2754 4693 2878 4749 148.
2907 4694 3021 4767 ll).
3042 4694 3118 4767 Et
3145 4692 3284 4762 quod
3316 4702 3403 4767 est
3428 4694 3478 4767 in
3504 4693 3602 4767 hoc
3628 4692 3884 4767 miraculo

2301 4761 2520 4831 novum,
2548 4761 2746 4821 tenera:
2772 4774 2826 4818 et
2853 4765 3101 4833 nequitiae
3127 4761 3332 4833 experti
3379 4761 3663 4816 infantium
3710 4772 3763 4813 et
3810 4764 3883 4833 la—

2299 4840 2558 4894 cteutium
2588 4836 2730 4890 tutati
2763 4831 2962 4905 primas
2989 4834 3176 4899 dedit,
3202 4831 3264 4887 'ut
3298 4834 3556 4902 incipiant
3578 4835 3809 4886 Domino
3838 4831 3886 4885 in

2301 4908 2659 4973 confessione,
2691 4907 2818 4961 illud
2846 4922 2876 4960 a
2909 4906 3024 4960 Deo
3052 4906 3231 4959 datum
3266 4906 3532 4958 canticum
3562 4918 3762 4957 canere
3792 4944 3807 4964 ,
3837 4914 3886 4954 ut

2300 4981 2429 5036 olim
2469 4978 2680 5049 Moyses
2716 4977 2914 5047 pepulo
2930 4990 3157 5049 egresso
3182 4992 3249 5049 ex
3278 4975 3517 5049 ASgypto
3545 4992 3565 5049 :_
3590 4973 3886 5049 Benedictus

2302 5053 2388 5121 qui
2414 5044 2653 5121 venit'inr
2672 5044 2888 5121 nomine
2916 5044 3144 5121 Domini.
3179 5046 3344 5121 llodie
3362 5044 3886 5121 ’admodum‘gaudet

2305 5115 2497 5176 beatus
2532 5119 2719 5184 David,
2748 5117 2893 5188 quod
2921 5116 3153 5171 infantes
3183 5117 3446 5171 citharam
3476 5116 3586 5188 ipsi»
3606 5115 3885 5188 subripue—

2306 5195 2411 5247 rint
2435 5208 2449 5255 ;
2472 5206 2594 5245 cum
2637 5186 2831 5260 quibus
2856 5188 3045 5260 spiritu
3087 5188 3313 5260 choreas
3356 5197 3413 5260 et
3435 5186 3687 5260 convivia
3706 5200 3883 5260 agens.

2306 5274 2364 5317 ut
2388 5263 2514 5315 olim
2546 5256 2669 5315 ante
2693 5275 2873 5314 arcam
2892 5256 3012 5321 Dei,
3041 5272 3162 5313 cum
3194 5259 3299 5311 illis
3320 5258 3525 5327 placide
3560 5256 3884 5311 modulatur.

2306 5345 2362 5389 et
2381 5333 2645 5396 balbutit,
2686 5331 2814 5385 illud
2862 5328 3158 5398 proferens,
3186 5328 3488 5383 Benedictus
3533 5328 3618 5397 qui
3660 5328 3798 5398 venit
3832 5329 3887 5398 in

2306 5406 2509 5459 nomine
2538 5403 2760 5456 Domini.
2794 5396 2892 5457 Cui
2923 5400 3201 5455 dicemus:
3235 5399 3312 5453 Tu
3340 5400 3495 5452 nobis
3519 5396 3782 5467 propheta
3815 5396 3885 5449 di-

2306 5477 2433 5539 cito,
2465 5474 2596 5543 Quis
2624 5485 2706 5529 est
2735 5473 2821 5527 hic
2839 5513 2854 5537 ,
2878 5473 2964 5540 qui
2991 5472 3135 5525 venit
3164 5471 3216 5524 in
3239 5471 3462 5543 nomine
3495 5466 3712 5543 Domini
3734 5469 3757 5520 ἲ
3778 5466 3886 5543 lion

2308 5562 2447 5606 mea.
2478 5538 2721 5614 inquiet,
2751 5554 2837 5598 est
2865 5538 3143 5597 doctrina:
3174 5557 3296 5614 nam
3328 5542 3381 5614 id
3416 5539 3578 5614 hodie
3601 5538 3887 5614 infantibus

2308 5610 2621 5686 deputatum
2653 5625 2736 5670 est
2760 5618 2829 5669 ab
2849 5630 2935 5675 eo,
2966 5614 3055 5685 qui
3080 5627 3145 5667 ex
3168 5627 3263 5667 ore
3288 5611 3567 5686 infantium
3608 5618 3666 5663 et
3696 5610 3886 5686 lacten-

2310 5680 2437 5741 tiuin
2472 5686 2696 5757 perfecit
2735 5680 3056 5751 laudemfut
3083 5685 3321 5738 destruat
3352 5680 3639 5757 inimicum
3661 5692 3716 5735 et
3754 5682 3883 5734 ulto.

2310 5775 2421 5811 rem
2451 5751 2564 5819 {Ut
2594 5772 2682 5825 per
2706 5758 2800 5809 hoc
2821 5758 3122 5809 miraculum
3144 5762 3498 5808 convertantur
3514 5751 3673 5806 corda
3695 5761 3885 5825 patrm

2308 5830 2361 5882 in
2379 5830 2534 5897 ﬁlios,
2562 5820 2610 5881 et
2637 5827 3010 5880 incredulorum
3030 5827 3097 5879 ad
3119 5826 3446 5897 prudentiam
3459 5829 3719 5897 justarum
3739 5820 3882 5897 (Luc.

2312 5893 2507 5955 L'l'll.
2534 5898 2703 5953 Dicite
2728 5940 2743 5964 ,
2775 5913 2808 5952 ο
2848 5898 2997 5967 pueri
3023 5939 3036 5965 ,
3082 5893 3224 5955 unde
3253 5896 3406 5951 vobis
3435 5894 3597 5951 hodie
3641 5893 3747 5949 hoc
3773 5894 3880 5962 pul-
