4082 6400
522 361 623 416 707

516 488 625 526 non
649 466 847 540 incepit
876 506 895 540 ,
941 482 1111 540 neque
1137 465 1395 540 accessit,
1446 480 1621 536 neque
1661 465 2091 540 imminutuspest

518 544 689 594 honor
714 580 729 603 ,
772 538 913 592 absit
953 556 969 593 :
1014 538 1109 593 sed
1148 539 1405 593 naturalis
1447 548 1530 591 est
1571 546 1627 592 et
1656 552 1779 591 vere
1823 538 2087 606 proprius.

518 612 691 666 Unum
723 624 951 677 namque
978 624 1196 679 regnum
1231 618 1313 663 est
1339 608 1511 662 Patris
1548 618 1602 679 et
1643 607 1757 661 Filii
1787 618 1837 662 et
1862 608 2091 675 Spiritus

516 682 685 737 sancti
707 723 721 747 ,
745 683 883 734 sicut
902 695 1003 733 una
1032 678 1323 735 substantia
1355 688 1409 733 et
1431 693 1530 732 una
1552 678 1866 732 dominatio.
1890 679 2089 741 Quam-

515 754 701 807 obrem
754 765 856 803 una
914 750 1225 805 adoratione
1267 751 1504 803 colamus
1545 765 1703 803 unam
1752 749 2095 821 trinmhypo-

517 824 735 877 stasimn
761 821 1126 886 divinitatem,
1167 822 1282 876 sine
1309 820 1569 890 principio
1590 861 1605 883 ,
1649 821 1939 874 increatam
1969 861 1984 886 ,
2016 822 2095 873 iu-

519 895 876 956 terminatam,
896 892 1011 945 sine
1032 893 1391 946 successione.
1414 891 1597 959 Neque
1627 892 1767 943 enim
1795 890 1953 945 Pater
1981 907 2093 943 um-

517 980 677 1033 quam
708 964 938 1017 cessabit
958 976 1079 1033 esse
1107 962 1264 1033 Pater
1289 1003 1305 1027 ,
1357 976 1530 1031 neque
1574 960 1752 1033 Filius
1782 975 1901 1015 esse
1931 961 2095 1016 Filius

517 1030 574 1089 et
614 1034 761 1115 lies,
804 1048 989 1115 peque
1019 1030 1511 1115 Spiritus_sancttts
1548 1032 1782 1115 cessabit
1807 1046 1962 1115 esse.
1996 1033 2047 1087 id
2077 1075 2093 1097 ,

516 1104 657 1173 qttod
684 1114 767 1158 est
807 1101 1097 1173 ltypostasi.
1137 1103 1276 1157 Nihil
1316 1103 1458 1156 enim
1500 1104 1550 1156 in
1597 1101 1855 1156 Trinitate
1892 1102 2097 1159 minue-

518 1184 647 1239 tur;
698 1189 802 1229 non
838 1173 956 1227 linis
986 1174 1089 1228 erit
1130 1174 1440 1227 aeternitatis
1464 1214 1478 1235 ,
1529 1182 1621 1225 aut
1665 1174 2052 1227 communionis
2077 1215 2092 1241 ,

516 1254 607 1297 aut
635 1245 804 1315 regni.
844 1243 1026 1312 Neque
1050 1245 1190 1299 enim
1223 1244 1385 1298 Filius
1410 1244 1507 1315 Dei
1537 1283 1553 1307 ,
1584 1242 1705 1312 quia
1748 1254 1962 1312 promer
1997 1260 2095 1299 nos

517 1315 686 1370 factus
706 1314 813 1370 est
839 1315 1000 1368 homo
1032 1359 1047 1384 ,
1071 1326 1124 1370 et
1152 1314 1511 1369 adversarium
1540 1327 1776 1385 nostrum
1814 1322 2093 1385 tyrannum

518 1386 755 1451 devicit,
802 1394 961 1454 atque
1007 1386 1060 1440 in
1100 1401 1260 1440 carne
1301 1394 1499 1438 tantam
1539 1384 1604 1436 de
1632 1383 1848 1438 inimico
1868 1385 1983 1452 ejus
2013 1402 2093 1439 re-

518 1457 747 1524 portavit
771 1456 1085 1521 victoriam;
1128 1456 1248 1510 ideo
1278 1456 1389 1509 Rex
1426 1464 1643 1509 vocatus
1673 1464 1784 1518 est;
1833 1456 1926 1509 sed
1973 1457 2095 1524 quia

522 1528 660 1581 Ileus
679 1536 993 1597 estsemper
1016 1538 1071 1582 et
1104 1527 1392 1597 Dominus,
1435 1526 1554 1580 ideo
1579 1534 1633 1579 et
1664 1525 1788 1597 Res
1804 1536 1923 1597 est,
1958 1534 2016 1578 ut
2042 1535 2098 1580 et

517 1597 738 1668 Genitor
765 1597 879 1668 ejus
899 1594 923 1651 ”;
950 1612 1090 1652 nunc
1115 1612 1244 1651 vero
1274 1596 1496 1668 “exest
1522 1637 1537 1668 ,
1559 1667 1567 1668 ί
1592 1611 1710 1668 cum
1740 1594 1792 1648 id
1823 1596 1967 1664 prius
1996 1598 2094 1649 ha.

518 1667 763 1734 buisset,
795 1666 871 1723 'et
906 1668 959 1722 iu
1000 1678 1337 1738 perpetuum.
1394 1667 1471 1721 Ne
1521 1666 1858 1738 blasphemes
1908 1678 2094 1722 contra

515 1738 711 1793 Christi
739 1754 958 1807 regnum
984 1736 1061 1800 ,'o
1092 1736 1338 1792 barretice
1367 1779 1382 1802 ,
1430 1747 1485 1790 ιιι
1511 1752 1578 1791 ne
1607 1736 1912 1807 Genitorem
1934 1738 2093 1791 etiam

519 1805 827 1863 inhonores.
870 1809 925 1863 Si
954 1809 1123 1863 ﬁdelis
1143 1824 1202 1863 es
1220 1850 1236 1875 ,
1261 1809 1487 1863 fideliter
1512 1806 1706 1861 accede
1728 1805 1793 1859 ad
1822 1806 2093 1862 Christum

517 1895 701 1934 verum
727 1881 890 1933 Deum
922 1890 1160 1934 nostrum
1182 1921 1197 1944 ,
1221 1890 1274 1933 et
1304 1895 1406 1932 non
1438 1878 1586 1948 quasi
1618 1876 1971 1931 velamentum
2003 1895 2096 1933 ne—

517 1951 698 2021 quitiae
731 1950 931 2005 habens
959 1950 1278 2004 libertatem.
1320 1949 1374 2004 Si
1406 1962 1592 2021 servus
1619 1962 1711 2009 es,
1749 1961 1868 2001 cum
1893 1959 2094 2021 tremo-

518 2019 577 2075 re
618 2021 840 2075 Domino
868 2020 1111 2075 subditus
1134 2030 1251 2075 esto
1284 2038 1296 2074 :
1331 2035 1449 2073 nam
1477 2020 1798 2087 disceptator
1828 2032 1929 2071 non
1960 2019 2095 2074 bene

516 2092 781 2155 affectus,
846 2091 939 2145 sed
995 2092 1165 2158 palam
1237 2092 1481 2145 inimicus
1528 2100 1627 2142 est.
1696 2087 1962 2157 Scriptum
2014 2100 2097 2145 est

518 2166 660 2217 enim
688 2179 700 2215 :
730 2162 828 2229 Qui
854 2178 954 2216 non
977 2164 1190 2215 honorat
1216 2160 1410 2214 Filium
1435 2201 1450 2225 ,
1490 2176 1591 2214 non
1618 2160 1830 2213 honorat
1868 2158 2092 2227 Patrem,

517 2235 602 2303 qui
640 2234 773 2303 misit
809 2248 922 2285 eum
950 2234 968 2301 (
1000 2232 1156 2286 Joan.
1185 2234 1238 2289 5.
1266 2234 1336 2286 25
1365 2235 1404 2302 ).

588 2304 642 2358 5.
684 2302 791 2357 Nos
842 2300 1018 2357 autem
1048 2344 1063 2368 ,
1104 2304 1282 2358 dilecti
1313 2344 1328 2367 ,
1365 2300 1446 2356 eo
1475 2309 1809 2356 revertamur
1833 2300 1971 2355 unde
2009 2301 2094 2355 di-

516 2376 683 2443 gressi
706 2389 892 2429 snmus
920 2416 935 2439 ,
967 2375 1257 2428 clamantes
1286 2414 1299 2437 ,
1331 2372 1628 2427 Benedictus
1652 2374 1736 2439 qui
1767 2372 1897 2424 venit
1920 2373 1972 2424 in
1997 2389 2093 2426 no-

516 2447 649 2499 mine
672 2445 879 2499 Domini
907 2486 922 2508 ,
967 2456 1148 2513 pastor
1168 2445 1255 2499 ille
1282 2444 1451 2497 bonus
1478 2485 1491 2504 .
1534 2454 1590 2497 ut
1619 2453 1838 2511 poneret
1863 2443 2091 2497 animam

516 2532 665 2571 suam
701 2532 796 2585 pro
820 2515 1009 2571 ovibus
1036 2517 1179 2581 suis;
1235 2526 1289 2569 ut
1324 2516 1462 2568 sicut
1491 2514 1525 2568 ii
1556 2555 1571 2579 ,
1615 2516 1705 2583 qui
1746 2514 1899 2581 lupos
1934 2514 2093 2585 ovina

516 2604 679 2642 carne
702 2584 978 2641 vescentes
1006 2597 1265 2640 venantur
1289 2626 1306 2652 ,
1343 2587 1484 2653 ipsos
1510 2599 1609 2639 ove
1635 2585 1809 2639 oblata
1831 2584 2044 2652 capiunt
2076 2601 2092 2640 :

517 2661 594 2713 sic
614 2658 976 2728 spiritualibus
994 2658 1288 2710 animarum
1309 2655 1737 2709 interfectoribus
1764 2655 1944 2728 |upis_,
1973 2670 2094 2728 sese

517 2741 573 2783 ut
605 2725 872 2784 hominem
895 2727 1123 2783 offerens
1151 2728 1406 2795 Princeps
1433 2736 1700 2795 pastorum
1727 2766 1741 2789 ,
1773 2725 2091 2795 venabulum

516 2802 773 2869 objiceret
792 2839 807 2864 ,
834 2800 898 2854 iis
920 2802 1007 2867 qui
1030 2800 1139 2866 jam
1168 2798 1294 2853 olim
1323 2794 1584 2869 Adainum
1614 2797 1961 2850 venabantur.
1990 2794 2092 2849 Be-

514 2866 744 2925 nedictus
796 2870 882 2938 qui
920 2866 1050 2922 venit
1088 2871 1141 2922 in
1180 2869 1380 2922 nomine
1421 2866 1623 2919 Domini
1656 2907 1673 2932 ,
1723 2869 1862 2921 Deus
1908 2876 2093 2921 contra

513 2943 784 2996 diabolum
814 2980 828 3004 ,
884 2954 989 2994 non
1037 2952 1219 3007 aperte
1249 2954 1343 3008 per
1385 2939 1698 2993 invisibilem
1733 2946 2042 3006 potestatem
2074 2977 2090 3001 ,

514 3013 608 3068 sed
642 3028 733 3081 per
764 3011 1122 3088 infirmitatem
1150 3011 1324 3088 carpis
1350 3019 1467 3088 ...ιιι
1516 3009 1903 3088 alligareteum
1934 3048 1949 3071 ,
2003 3008 2092 3088 qui

513 3079 700 3137 contra
722 3097 818 3136 nos
845 3080 997 3135 fortis
1030 3091 1167 3136 erat.
1220 3079 1517 3133 Benedictus
1541 3082 1626 3149 qui
1656 3079 1787 3132 venit
1811 3080 1864 3131 in
1892 3079 2093 3131 nomine

514 3154 723 3207 Domini
748 3194 765 3219 ,
796 3152 907 3205 Rex
926 3161 1108 3205 contra
1133 3161 1447 3220 tyrannum,
1495 3167 1606 3221 non
1630 3165 1725 3221 per
1751 3149 2092 3217 omnipoten-

515 3235 621 3279 tem
655 3231 969 3291 potestatem
1020 3231 1075 3277 et
1119 3223 1431 3291 sapientiam
1459 3261 1474 3283 ,
1520 3220 1613 3274 sed
1646 3236 1737 3287 per
1784 3221 1956 3291 crucis
1989 3261 2003 3284 ,
2035 3229 2096 3274 ιιι

514 3290 839 3365 putabatur,
864 3292 1139 3365 stultitiam
1166 3290 1193 3358 ,ί
1217 3304 1273 3365 ut
1315 3292 1587 3365 prudentis
1619 3293 1682 3365 Διιι
1719 3290 1951 3365 nequitia
1979 3305 2095 3365 ser-

515 3361 691 3436 pentis
710 3364 878 3434 spolia
909 3364 1183 3432 diriperet.
1217 3362 1517 3436 Benedictus
1543 3361 1629 3432 qui
1654 3363 1785 3414 venit
1814 3362 1867 3414 in
1894 3362 2095 3414 nomine

518 3433 760 3499 Domini,
817 3449 976 3489 verax
1007 3445 1190 3488 contra
1224 3433 1533 3487 mendacem
1569 3474 1585 3497 ,
1634 3436 1883 3485 Set-valor
1909 3442 2092 3486 contra

513 3508 870 3577 perniciosum
896 3546 912 3571 ,
960 3505 1210 3573 Princeps
1240 3507 1384 3573 pacis
1407 3514 1588 3577 contra
1620 3518 1911 3577 pugnacem
1933 3543 1951 3569 ,
1998 3503 2095 3577 ho.

514 3572 717 3631 iniuum
774 3586 980 3631 amator
1033 3572 1551 3629 contra’homiuum
1599 3589 1831 3627 osorem.
1869 3572 2090 3627 Benedi-

513 3658 624 3701 ctus
681 3647 767 3717 qui
824 3647 954 3700 venit
1024 3646 1077 3699 in
1140 3646 1340 3700 nomine
1405 3644 1655 3717 Domini,
1706 3657 1871 3713 penes
1941 3646 2093 3710 cujus

513 3719 794 3773 arbitrium
848 3728 929 3771 est
969 3730 1183 3771 servare
1242 3726 1505 3771 errantem
1567 3716 1835 3769 hominem
1865 3754 1881 3779 ,
1938 3729 2091 3768 erro-

513 3805 626 3843 rem
654 3790 890 3849 solvere,
918 3802 1010 3841 eos
1031 3830 1045 3852 ,
1077 3788 1164 3855 qui
1190 3788 1240 3840 in
1269 3789 1500 3841 tenebris
1542 3794 1696 3840 erant
1739 3826 1754 3850 ,
1804 3786 1921 3840 luce
1970 3801 2091 3854 per-

512 3859 735 3915 fundere
763 3901 777 3922 ,
818 3858 1080 3912 idolorum
1120 3858 1378 3912 fallaciam
1414 3857 1592 3912 delere
1621 3898 1635 3921 ,
1677 3861 1962 3911 salutarem
2001 3856 2092 3910 Dei

513 3931 870 3999 cognitionem
940 3930 1278 3983 introducere
1313 3970 1327 3993 ,
1386 3929 1639 3982 mundum
1707 3927 2040 3999 sanctificare
2074 3968 2089 3991 ,

513 3996 898 4056 exsecrandum
923 4008 978 4053 et
1004 4001 1211 4052 inanem
1239 4001 1437 4053 cultqu
1466 4000 1760 4053 eliminare.
1790 3996 2092 4051 Benedictus

514 4074 599 4142 qui
624 4073 754 4142 venit
782 4072 834 4123 in
860 4071 1060 4142 nomine
1095 4068 1316 4133 Domini,
1348 4083 1484 4142 unus
1513 4086 1606 4136 pro
1629 4071 1829 4142 multis,
1863 4079 1918 4122 ιιι
1942 4078 2094 4122 eruat

514 4140 682 4212 genus
713 4141 997 4194 humanum
1031 4141 1097 4212 de
1125 4155 1280 4193 manu
1306 4140 1577 4212 fortiorutn
1611 4141 1702 4193 illo
1724 4181 1738 4202 ,
1789 4154 2013 4212 egenum
2039 4149 2093 4212 et

517 4209 860 4283 paupercula
892 4210 1263 4283 diripientibus
1293 4227 1449 4283 eum.
1483 4209 1781 4283 Benedictus
1828 4211 1913 4283 qui
1962 4209 2093 4262 venit

514 4280 569 4338 in
592 4280 790 4335 nomine
816 4281 1037 4340 Domini.
1067 4294 1125 4334 ut
1142 4280 1384 4334 infundat
1406 4281 1582 4333 viuum
1604 4293 1657 4334 et
1677 4281 1847 4334 oleum
1872 4281 1922 4333 iu
1947 4296 2091 4343 eum,

516 4354 605 4423 qui
630 4352 811 4407 incidit
859 4354 909 4404 in
958 4353 1231 4418 latrones,
1286 4362 1339 4405 et
1362 4353 1450 4421 qui
1476 4352 1757 4420 despectus
1778 4350 1892 4404 fuit.
1932 4349 2092 4402 Bene-

2025 4469 2067 4473 ..η
2110 4465 2551 4473 ς-νή--ω

1992 350 2257 410 δΡυιιιιι.
3668 358 3762 417 708

2196 469 2358 523 dictus
2401 468 2489 537 qui
2537 468 2669 521 venit
2713 468 2766 521 in
2816 468 3017 522 nomine
3061 465 3267 522 Domini
3295 511 3312 534 ,
3360 480 3416 523 ut
3458 483 3631 527 servet
3672 490 3760 531 nos

2198 555 2293 609 per
2347 540 2622 613 seipsum,
2672 540 2809 613 sicut
2851 539 2931 613 ait
2982 537 3248 613 propheta
3278 580 3313 613 ,_
3352 539 3475 595 Non
3526 544 3714 613 legatus
3742 586 3758 612 ,

2196 607 2296 664 non
2322 612 2550 680 mtqelus,
2594 610 2682 663 sed
2706 610 2813 680 ipse
2838 607 3102 663 Dominus
3126 611 3334 663 salvavit
3376 628 3461 666 eos
3489 607 3634 680 (Isai.
3675 607 3758 670 65.

2197 681 2275 753 9).
2308 674 2430 735 Ideo
2472 689 2668 753 etnos
2711 674 3072 734 benedicimus
3119 690 3210 753 te,
3238 674 3606 753 Dominefqui
3646 701 3758 741 cum

2198 752 2353 805 Patre
2380 759 2434 806 et
2468 751 2666 819 Spiritu
2692 760 2877 806 sancto
2904 761 3027 805 ante
3054 752 3247 805 szecula
3287 763 3339 807 et
3368 754 3419 807 in
3448 751 3636 809 secula
3663 772 3759 811 sa:-

2196 822 2773 895 culorumbeucdictus
2801 837 2859 875 es
2892 839 2903 871 :
2932 834 3056 875 ante
3081 823 3271 876 sazcula
3300 832 3355 877 et
3384 839 3549 895 usque
3572 826 3634 880 ad
3670 826 3763 883 hoc

2198 902 2406 960 tempus
2444 894 2817 959 incorporeus;
2861 908 2999 947 nunc
3026 902 3202 946 autem
3231 902 3283 946 et
3319 895 3367 947 in
3406 894 3618 959 saicola,
3649 912 3760 952 cum

2198 963 2395 1025 divina,
2442 964 2754 1018 immutabili
2798 973 2852 1016 et
2894 963 3193 1016 indivisibili
3245 964 3602 1021 incarnatione
3655 977 3758 1022 tua.

2198 1033 2419 1105 Beliqua
2460 1035 2753 1105 videamus.
2804 1034 2938 1101 Quid
2978 1033 3108 1105 dicit
3150 1033 3356 1087 divinus
3406 1039 3763 1105 evangelista?

2199 1103 2585 1159 Cum—intrasset
2605 1103 2852 1158 Dominus
2878 1105 2929 1156 in
2955 1103 3213 1172 templum,
3235 1103 3634 1161 accesserunt—ad
3655 1125 3761 1162 eum

2198 1177 2317 1229 caeci
2346 1187 2392 1229 et
2424 1176 2611 1237 claudi,
2627 1186 2689 1246 _et
2714 1177 2904 1228 curavit
2935 1191 3036 1228 eos.
3075 1173 3303 1229 Videntes
3328 1187 3489 1229 autem
3520 1180 3763 1246 principes

2195 1248 2514 1300 sacerdotum
2540 1257 2585 1301 et
2613 1244 2861 1300 Pharisaei
2887 1246 3131 1317 miracula
3164 1262 3276 1311 qum
3311 1244 3542 1315 faciebat,
3575 1259 3619 1301 et
3644 1266 3762 1317 pue-

2196 1333 2279 1369 ros
2300 1318 2571 1371 clamantes
2598 1328 2643 1369 et
2670 1317 2906 1382 dicentes,
2940 1315 3183 1369 Hosanna
3209 1317 3315 1383 [ilio
3345 1317 3526 1382 David,
3560 1315 3756 1372 benedi-

2196 1398 2305 1441 ctus
2333 1389 2417 1450 qui
2440 1389 2569 1441 venit
2594 1388 2646 1439 in
2677 1389 2876 1441 nomine
2914 1386 3116 1440 Domini
3150 1387 3361 1455 (Matth.
3405 1388 3495 1441 21.
3530 1390 3614 1443 Η.
3649 1390 3758 1457 15),

2196 1457 2311 1522 ejus
2332 1458 2589 1512 honorem
2615 1473 2718 1511 non
2750 1459 3004 1512 tulerunt.
3027 1458 3201 1524 Quare
3226 1458 3536 1513 accedentes
3560 1459 3623 1513 ad
3646 1476 3762 1514 eum

2195 1528 2462 1594 dicebant,
2494 1526 2617 1581 Non
2637 1529 2784 1582 audis
2807 1529 2935 1599 quid,
2954 1529 3005 1580 hi
3030 1529 3199 1580 dicant
3222 1526 3386 1599 (Ibid.
3412 1548 3461 1584 v.
3498 1529 3623 1596 £6)?
3650 1530 3761 1586 Non

2194 1614 2335 1670 aegre
2365 1598 2471 1653 fers
2497 1600 2635 1668 quod
2661 1598 2827 1670 gloria
2857 1598 3103 1652 afﬁciaris
3134 1598 3393 1670 ntDeus?
3423 1616 3527 1653 non
3555 1601 3762 1670 indigne

2196 1668 2322 1732 fers,
2356 1685 2475 1724 cum
2522 1670 2675 1726 audis
2718 1669 2784 1723 ab
2816 1669 2898 1723 his
2928 1669 3295 1723 innocentibus
3334 1683 3395 1723 ea
3435 1686 3552 1739 quae
3597 1668 3760 1725 sol—um

2199 1741 2361 1793 Deum
2390 1741 2618 1796 decent?
2641 1756 2817 1793 annon
2861 1741 3000 1794 Deus
3030 1740 3138 1805 jam
3169 1740 3296 1793 olim
3336 1755 3429 1807 per
3458 1740 3758 1808 prophetam

2195 1809 2500 1873 declaravit,
2534 1809 2757 1865 Gloriam
2795 1826 2959 1863 meum
2996 1810 3142 1863 alteri
3180 1825 3281 1863 non
3323 1812 3451 1863 dabo
3478 1809 3630 1876 (Isai.
3675 1810 3760 1864 42.

2196 1878 2252 2004 8}
2270 1882 2293 1934 ?
2313 1890 2386 1946 et,
2418 1882 2681 1947 Quomodo
2702 1886 2777 1939 tu,
2793 1881 2938 1962 homo
2964 1897 3076 1933 cum
3102 1881 3189 1939 sis,
3216 1882 3583 1962 facis‘teipsum
3604 1880 3763 1934 Deum

2196 1953 2214 2004 f
2257 1969 2373 2004 oan.
2400 1953 2486 2004 10.
2512 1951 2641 2004 53ιῖ
2662 1952 2765 2004 Sed
2790 1951 2914 2004 nutd
2935 1950 3000 2004 ad
3029 1951 3141 2004 haec
3161 1951 3473 2004 louaantnus
3503 1953 3607 2004 ille.
3634 1953 3763 2004 ntul-

2196 1950 2373 2017 (Joan.
2400 1953 2486 2006 10.
2512 1951 2641 2023 53)?
2662 1952 2765 2023 Sed
2790 1951 2914 2019 quid
2935 1950 3000 2023 ad
3029 1951 3473 2023 haeclouganiniis
3503 1953 3607 2014 ille,
3634 1953 3764 2005 ntul-

2196 2032 2281 2075 tus
2312 2023 2361 2076 in
2388 2020 2771 2084 misericordia,
2798 2031 2853 2076 et
2880 2021 3062 2075 tardus
3098 2021 3165 2075 ad
3193 2020 3358 2075 iram?
3394 2020 3653 2077 Furentes
3685 2032 3759 2078 to-

2194 2092 2348 2156 lerat,
2380 2093 2510 2146 iram
2554 2093 2706 2147 sedat
2732 2092 3035 2146 excusando
3081 2106 3159 2152 se,
3200 2092 3499 2161 Scripturas
3535 2093 3760 2148 vicissim

2195 2164 2433 2232 opponit.
2466 2164 2766 2218 testimonia
2799 2161 3001 2231 profert
3029 2171 3343 2230 opportuna,
3376 2178 3545 2230 neque
3572 2164 3764 2218 desinit

2196 2233 2543 2303 interrogare,
2594 2234 2819 2304 ideoque
2857 2233 2971 2287 ait:
2999 2232 3289 2303 Numquam
3324 2242 3378 2286 ct
3418 2248 3513 2288 vos
3548 2233 3763 2288 audistis

2196 2320 2282 2359 me
2308 2320 2401 2373 per
2429 2305 2737 2374 prOpbetam
2767 2304 3030 2358 dicentem
3066 2322 3079 2357 :
3108 2304 3256 2358 Tunc
3279 2304 3611 2374 cognoscetis
3644 2309 3759 2373 quia

2196 2390 2299 2444 ego
2323 2373 2559 2445 praisens
2598 2375 2828 2443 loquor?
2878 2389 2979 2429 nec
3008 2389 3237 2436 rursum,
3268 2373 3360 2426 Ex'
3386 2391 3472 2428 ore
3496 2376 3762 2445 infantium

2193 2456 2241 2499 et
2266 2447 2552 2499 lactentium
2597 2446 2847 2514 perfecisti
2874 2445 3077 2498 laudem
3123 2454 3327 2512 propter
3365 2445 3595 2499 inimicos
3633 2456 3759 2504 tuos.

2195 2526 2249 2570 ut
2277 2518 2506 2571 destruas
2530 2517 2784 2569 inimicum
2819 2526 2864 2568 et
2892 2516 3106 2569 ultorem
3137 2514 3317 2582 (Joan.
3363 2514 3415 2569 8.
3452 2514 3583 2581 28)?
3610 2514 3759 2569 Tales

2194 2590 2327 2642 estis
2356 2602 2470 2647 vos,
2499 2588 2587 2656 qui
2618 2587 2787 2657 legem
2827 2584 3117 2657 attenditis,
3144 2596 3213 2657 et
3254 2587 3539 2657 prophetas
3577 2586 3757 2655 legitis,

2193 2668 2249 2713 et
2276 2675 2361 2713 me
2401 2660 2449 2712 in
2482 2655 2598 2728 lege
2639 2655 2980 2728 prtedicatum
3007 2656 3295 2728 despicitis.
3315 2655 3596 2728 _}’idemini
3623 2672 3765 2709 nam-

2194 2744 2297 2798 que
2328 2725 2783 2797 pietatis'obientu
2819 2726 2927 2798 Dei,
2947 2725 3507 2798 gloriamgvindicare;
3551 2743 3653 2798 non
3683 2728 3763 2798 in-

2196 2796 2492 2870 telligentes
2521 2814 2665 2866 eum,
2686 2799 2774 2868 qui
2796 2814 2879 2851 me
2898 2797 3142 2870 despicit,
3171 2796 3380 2870 Patrem
3406 2796 3566 2870 etiam
3591 2796 3763 2866 despi-

2194 2867 2337 2925 cerc'.
2373 2870 2485 2939 Ego
2508 2870 2649 2924 enim
2674 2867 2714 2922 ιι
2735 2870 2841 2922 Deo
2867 2867 3034 2934 exivi,
3075 2877 3130 2922 et
3168 2868 3286 2939 veni
3315 2869 3363 2920 in
3392 2868 3682 2939 mundum;
3710 2875 3762 2920 et

2194 2942 2359 3010 gloria
2393 2936 2507 2994 nica
2535 2950 2618 2995 est
2642 2940 2808 3010 gloria
2846 2939 3026 3010 Patris
3044 2939 3168 3010 mei.
3196 2936 3283 2992 Sic
3312 2937 3566 3010 confutati
3591 2937 3761 3010 aSer-

2193 3006 2378 3065 iatore
2422 3022 2604 3066 nostro
2648 3006 2757 3064 Deo
2798 3009 2966 3063 insani
3015 3009 3108 3067 illi.
3154 3006 3515 3062 contradicere
3554 3008 3760 3077 quidem

2194 3091 2491 3147 cessarunt,
2522 3097 2552 3135 a
2593 3082 2813 3135 veritate
2854 3079 3140 3143 refrenati;
3183 3079 3275 3132 sed
3320 3079 3561 3131 insanum
3605 3079 3759 3132 alium

2195 3152 2506 3207 iuducentcs
2544 3153 2853 3221 cogitatum,
2904 3150 3181 3221 consilium
3235 3149 3466 3221 inierunt
3518 3148 3763 3202 adversus

2194 3239 2337 3277 eum.
2371 3223 2476 3277 Nos
2506 3218 2633 3277 vero
2679 3221 2962 3289 psallamus
2995 3238 3008 3274 :
3038 3218 3256 3289 Magnus
3296 3218 3541 3272 Dominus
3578 3230 3758 3280 noster,

2194 3306 2241 3348 et
2271 3310 2453 3364 magna
2478 3294 2633 3346 virtus
2660 3294 2866 3364 ejus,_et
2895 3292 3153 3364 sapientiae
3177 3290 3317 3364 illius
3344 3306 3446 3364 non
3478 3301 3551 3342 est
3588 3304 3758 3341 nume-

2193 3382 2281 3419 rus
2308 3361 2477 3435 (Psal.
2507 3364 2627 3417 146.
2662 3364 2737 3430 5).
2773 3362 2897 3416 Haec
2924 3361 3117 3435 quippe
3158 3361 3505 3435 omnia_f_acta
3540 3369 3682 3435 sunt,
3712 3366 3766 3412 ut

2194 3437 2281 3503 qui
2309 3429 2442 3489 tollit
2486 3429 2757 3503 peccatuin
2805 3429 2983 3503 mundi
3028 3429 3207 3500 Agnus
3244 3440 3297 3483 et
3323 3429 3505 3503 _Filius
3548 3431 3763 3503 Deiro-

2196 3499 2422 3559 luntarie
2454 3499 2547 3573 pro
2574 3504 2726 3559 nobis
2763 3502 2829 3557 ad
2874 3499 3157 3557 salutarem
3198 3501 3496 3569 passionem
3538 3499 3762 3573 veniret,

2194 3588 2251 3632 et
2280 3578 2330 3630 iu
2364 3572 2613 3645 praetorio
2640 3581 3035 3645 agnosceretur,
3084 3579 3140 3625 et
3177 3580 3233 3626 ut
3272 3574 3381 3645 qui
3411 3572 3769 3645 despiciebant

2194 3641 2377 3709 eum,—
2401 3646 2489 3716 qui
2543 3641 2753 3699 vivifi'co
2791 3644 3046 3716 sanguine
3082 3656 3180 3695 suo
3222 3642 3475 3695 mundum
3522 3641 3765 3716 redemit,

2193 3715 2559 3773 consentirent
2586 3717 2729 3770 circa
2776 3715 2983 3783 triginta
3014 3722 3314 3781 argenteos,
3350 3722 3405 3765 et
3441 3715 3637 3781 pascha
3678 3726 3767 3778 pro

2197 3790 2352 3842 nobis
2376 3786 2739 3840 immolaretur
2759 3782 2998 3838 Christus
3027 3799 3041 3838 :
3071 3784 3231 3851 utqui
3261 3784 3490 3849 pretioso
3515 3782 3632 3849 ejus
3652 3797 3769 3835 san-

2192 3858 2352 3929 guine
2376 3858 2577 3927 aspersi
2605 3867 2749 3929 sunt,
2773 3870 2996 3929 quorum
3024 3853 3161 3929 labia
3190 3852 3358 3929 instar
3385 3853 3626 3929 liminum
3646 3858 3769 3929 sunt

2194 3921 2487 3999 obsignata,
2532 3921 2815 3999 perniciosi
2854 3925 2998 3999 illius
3029 3924 3131 3977 tela
3173 3922 3461 3999 effugiant;
3494 3934 3549 3977 et
3577 3924 3656 3976 sic
3683 3921 3767 3999 qui

2194 3992 2357 4054 carn'e
2400 3992 2585 4067 paSsus
2626 4008 2709 4052 est
2750 3994 2994 4050 Christus
3036 4002 3090 4047 et
3142 3992 3417 4067 triduauus
3462 3993 3764 4067 resurrexit,

2195 4085 2314 4123 cum
2347 4062 2503 4123 Patre
2526 4076 2582 4123 et
2610 4067 2808 4137 Spiritu
2838 4076 3023 4137 sancto
3050 4064 3157 4132 pari
3185 4079 3306 4117 cum
3324 4063 3560 4137 honore
3575 4071 3633 4114 et
3654 4062 3767 4130 glo-

2198 4142 2271 4195 ria
2315 4141 2382 4195 ab
2425 4140 2569 4192 omni
2607 4132 2848 4192 creatura
2890 4135 3217 4198 houoretur;
3249 4134 3370 4202 quia
3402 4134 3497 4202 ipsi
3527 4132 3766 4186 ﬂectetur

2195 4226 2354 4265 omne
2368 4225 2506 4279 genu
2527 4209 2838 4279 caelestium,
2858 4207 3195 4279 terrestrium
3219 4217 3272 4258 et
3294 4204 3643 4279 infernarum,
3666 4202 3768 4269 glo-

2196 4282 2328 4335 riam
2357 4273 2457 4351 ipsi
2483 4278 2830 4334 referentium
2856 4276 2909 4331 in
2938 4275 3127 4329 saecula
3152 4274 3484 4328 surculorum.
3507 4273 3703 4327 Amen.

701 4474 712 4478 η
960 4474 963 4475 ν
1064 4471 1123 4476 ,η-
1158 4470 1279 4476 ,ην
1552 4472 1559 4474 _
1718 4469 1959 4475 “HM”,
2025 4469 2067 4473 ,η
2110 4465 2551 4473 ,-,έ,-,,,,,
3260 4455 3595 4466 __.___

548 4454 3755 4521 ΜΞ

1616 4577 2649 4693 Δυιιιοιπιτιο

1900 4766 1962 4823 IN
2001 4767 2407 4837 SEQUENTES

1356 4910 1461 4970 DE
1502 4908 1770 4969 BEATA
1812 4907 2145 4969 VIRGINE
2185 4906 2445 4968 MARIA
2489 4906 2963 4968 ORATIONES.

597 5055 845 5126 Ejusdem
879 5054 1060 5109 farinte
1080 5062 1203 5108 sunt
1229 5062 1511 5126 sequentes
1533 5050 1598 5105 de
1623 5051 1679 5103 Β.
1704 5048 1769 5126 V.
1798 5049 1958 5126 Maria
1984 5064 2101 5126 ser-

523 5118 733 5194 mones,
772 5127 860 5195 qui
887 5126 1007 5196 jure
1036 5125 1088 5178 in
1122 5118 1354 5178 tenebris
1381 5123 1682 5187 latuissent,
1712 5121 1813 5173 nisi
1843 5121 1965 5173 illos
2000 5118 2101 5173 Sa-

2210 5049 2364 5102 vilins
2411 5050 2750 5118 publicasset.
2798 5049 3061 5104 Fortassis
3111 5064 3237 5101 vero
3278 5062 3343 5101 ex
3394 5046 3584 5102 eodem
3640 5046 3777 5100 fonte

2210 5121 2499 5187 eodemque
2524 5133 2739 5175 auctote
2774 5122 3051 5188 prodeunt.

1500 5346 1563 5389 IN
1609 5346 1661 5389 S.
1713 5342 2021 5387 VlRGlNEM
2066 5342 2145 5383 ET
2186 5341 2508 5384 DEIPABAI
2553 5342 2826 5386 ΜΔΗῘΔΜ.

1924 5472 2385 5501 -ὑ-

597 5589 797 5643 Omnes
851 5585 1064 5654 quidem
1121 5581 1497 5654 memorabiles
1549 5581 1883 5654 celebritates
1938 5580 2108 5654 admi-

528 5660 710 5715 randae
763 5651 909 5719 sunt,
956 5666 1012 5710 et
1062 5655 1337 5709 stellarum
1384 5651 1653 5721 splendori
1700 5652 2107 5721 comparabiles.

532 5728 663 5784 Nam
692 5729 829 5781 sicut
856 5727 1024 5781 stellze
1061 5725 1319 5793 positione
1345 5737 1439 5777 sua
1481 5722 1533 5776 in
1579 5722 1711 5775 caelo
1741 5722 1857 5777 fine
1886 5733 2027 5786 sunt,
2057 5730 2110 5775 et

532 5814 597 5855 ex
630 5803 803 5868 posito
832 5797 967 5852 inter
996 5795 1230 5864 singulas
1261 5793 1538 5849 intervallo
1567 5793 1989 5863 spectabiliores.
2020 5803 2105 5849 to-

2210 5588 2428 5648 tumque
2470 5587 2627 5634 terra:
2672 5580 2852 5633 orbem
2900 5578 3199 5640 illustrant;
3230 5584 3387 5644 atque
3415 5574 3605 5648 eadem
3635 5569 3777 5648 stella

2210 5646 2354 5721 apud
2392 5650 2548 5704 ludos
2592 5650 2818 5712 videtur,
2850 5660 2904 5703 et
2948 5648 3159 5721 Scythis
3202 5663 3304 5721 non
3349 5646 3685 5721 occultatur;
3726 5646 3774 5691 in

2211 5715 2515 5775 continente
2542 5721 2786 5789 splendet
2815 5729 2868 5772 et
2917 5715 3063 5771 mare
3090 5718 3371 5789 illuminat.
3399 5726 3452 5768 et
3477 5715 3781 5789 navigantes

2213 5794 2511 5860 gubernat;
2545 5784 2837 5860 harumque
2881 5790 3153 5844 stellarum
3198 5787 3411 5841 nomina
3439 5787 3507 5840 ob
3536 5784 3771 5838 multitu-
