4082 6400
360 316 464 375 709

361 430 537 485 dinem
563 429 890 499 ignoramus,
917 427 1011 483 sed
1038 442 1129 484 eas
1162 438 1341 482 tamen
1370 426 1441 482 ob
1466 424 1771 496 splendoris
1812 425 1934 495 pul-

362 500 716 555 chritudinem
756 499 1082 553 admiramur
1111 517 1123 550 :
1153 501 1232 554 sic
1265 508 1391 553 sunt
1426 499 1583 552 etiam
1629 506 1933 551 sanctorum

364 572 577 640 singuli.
619 570 730 625 Etsi
761 572 902 623 enim
951 570 1188 637 ipsorum
1218 567 1704 640 reliquiteinclusae
1747 566 1865 640 sint
1885 569 1936 640 in

363 637 639 710 sepulcris,
668 656 850 695 earum
881 652 1055 694 tamen
1083 641 1252 694 virtus
1277 655 1381 692 non
1408 638 1553 692 orbis
1580 648 1734 710 terra:
1761 637 1941 710 lii_nit_i-

366 706 464 766 bns
492 712 962 766 circumscribitur.
987 711 1052 763 Et
1074 710 1173 764 hoc
1193 724 1378 763 verum
1400 724 1520 763 esse
1541 723 1607 761 ex
1630 706 1789 761 rebus
1810 706 1938 773 ipsis

365 784 571 837 discere
602 791 770 851 potes.
803 780 1090 851 l’alaisuna
1113 779 1340 834 Abrahze
1392 778 1646 851 reliquias
1676 777 1853 851 habet,
1887 784 1941 851 et

368 847 630 923 tugurium
657 851 772 921 ejus
793 866 911 905 cum
937 849 1180 918 paradiso
1199 850 1473 923 contendit
1498 867 1509 901 :
1533 863 1659 923 nam
1688 849 1824 899 Dens
1841 847 1940 923 qui

368 917 476 978 illic
505 917 700 978 contra
719 917 977 975 Adamum
1008 922 1326 975 sententiam
1358 920 1492 983 tulit,
1532 917 1622 971 hic
1659 934 1687 970 a
1718 918 1943 985 patriar-

368 995 465 1047 cba
498 994 724 1062 hospitio
752 1002 1003 1059 receptus
1046 1001 1145 1045 est.
1196 990 1411 1059 Josephi
1440 1004 1560 1062 o_ssa
1592 1004 1757 1062 unum
1796 1002 1944 1041 com-

371 1058 614 1134 plectitur
639 1058 963 1134 sepulcrum,
994 1070 1049 1115 et
1078 1063 1194 1129 ejus
1217 1058 1404 1134 conira
1428 1058 1730 1134 {Egyptiam
1770 1067 1942 1134 certa-

372 1128 491 1189 men
520 1134 666 1189 orbis
693 1128 902 1188 termini
929 1147 1049 1186 cum
1094 1128 1309 1198 stupore
1339 1132 1620 1183 mirantur.
1655 1128 1848 1199 Moysis
1877 1143 1945 1181 ne

370 1205 670 1272 sepulcrum
718 1202 932 1272 quidem
981 1202 1262 1270 reperitur,
1312 1211 1366 1254 et
1417 1202 1514 1272 ille»
1551 1208 1669 1267 post.
1718 1207 1943 1272 mortem

374 1268 623 1342 pra-dicat
670 1268 829 1336 eum,
884 1274 973 1341 qui
1029 1268 1174 1341 virga
1223 1287 1369 1325 mare
1418 1270 1657 1342 Rubrum
1710 1268 1941 1342 discidit.

374 1338 533 1398 Isaias
562 1346 646 1398 tibi
679 1338 917 1412 sepultus
943 1343 1012 1396 sit
1042 1338 1380 1412 ignoramus;
1412 1352 1466 1412 et
1494 1340 1670 1393 omnis
1708 1338 1942 1412 Ecclesia

374 1432 466 1483 per
495 1410 967 1485 prophetiamgcjns
995 1410 1192 1485 clamat
1218 1411 1403 1485 {Ecce
1432 1410 1661 1485 Virgoiu
1683 1419 1823 1485 utero
1849 1410 1945 1485 lia-

373 1479 520 1550 bebit',
562 1479 608 1538 ei
636 1486 793 1551 pariet
823 1479 1013 1537 Filium
1058 1483 1208 1554 (lsai.
1239 1484 1288 1536 7.
1326 1482 1437 1551 Μ).
1473 1481 1653 1533 Daniel
1686 1480 1755 1554 in_
1778 1479 1948 1547 Baby-

376 1557 495 1610 lotie
523 1550 762 1624 sepultus
804 1565 905 1617 est,
950 1563 1006 1608 et
1049 1550 1138 1607 ille
1184 1568 1275 1624 per
1301 1550 1462 1624 totam
1492 1561 1685 1624 terram
1711 1550 1944 1624 clamat:

378 1626 505 1679 Ecce
540 1617 600 1678 iii
636 1625 848 1679 nubibus
868 1625 998 1689 cwli,
1029 1617 1248 1692 quasi'F
1252 1624 1367 1675 ilius
1395 1621 1611 1673 hominis
1632 1622 1759 1673 venit
1782 1617 1946 1687 (Dan.

374 1697 567 1765 7.13).
614 1697 846 1750 Ananias
896 1704 948 1748 et
995 1696 1122 1748 socii
1174 1694 1318 1761 pueri
1360 1695 1410 1746 in
1443 1692 1713 1765 Babylone
1756 1692 1950 1765 mor_tui

376 1776 498 1820 sunt
527 1759 539 1819 Ξ
569 1781 629 1820 ac
672 1781 765 1835 per
806 1766 925 1818 illos
970 1774 1109 1835 totus
1138 1759 1303 1835 orbis
1319 1759 1787 1835 quotidie:clamut
1812 1759 1952 1835 alie-

376 1837 585 1890 nedicite
614 1829 783 1889 omnia
825 1852 979 1905 Opera
1023 1829 1230 1887 Domini
1268 1829 1486 1886 Domino
1526 1832 1685 1900 (Dan.
1730 1832 1805 1905 '5_._
1837 1832 1947 1899 57).

383 1907 623 1961 Ezechiel
656 1908 793 1972 apud
825 1902 1013 1959 Persas
1060 1905 1345 1958 tumulatus
1372 1915 1476 1966 est,
1506 1914 1559 1955 et
1587 1917 1706 1957 cum
1748 1902 1953 1955 Cheru-

380 1978 517 2031 binis
546 1979 809 2031 exclamat
841 1993 853 2030 :
882 1974 1153 2028 Benedicta
1183 1975 1344 2044 gloria
1378 1974 1582 2027 Domini
1621 1974 1683 2025 de
1712 1973 1821 2044 loco
1862 1988 1953 2024 suo

379 2050 591 2115 (Ezeclt.
624 2049 676 2101 5.
711 2048 819 2117 1‘2).
857 2046 930 2099 Ita
958 2046 1088 2099 nihil
1118 2043 1314 2117 profuit
1340 2045 1570 2117 diabolo,
1598 2043 1748 2117 quod
1770 2044 1821 2094 in
1864 2057 1955 2110 pa-

379 2113 555 2171 radiso
601 2113 859 2172 Adamum
902 2118 1057 2170 morti
1109 2113 1383 2170 tradiderit
1425 2132 1439 2167 :
1481 2115 1618 2167 Detts
1665 2113 1807 2166 enitn
1863 2128 1956 2180 per

383 2200 604 2242 mortem
625 2189 779 2257 justis
796 2190 1011 2256 januam
1035 2189 1239 2255 aperuit
1260 2186 1325 2240 ad
1352 2184 1618 2257 fiduciam.
1641 2183 1744 2237 Sed
1768 2196 1955 2235 omnes

380 2262 592 2328 quidem
628 2256 938 2312 Sanctorum
968 2258 1239 2328 memoria:
1279 2256 1547 2309 mirabiles
1585 2264 1741 2328 sunt;
1773 2268 1955 2328 verum

384 2324 510 2382 nihil
543 2331 611 2382 ita
640 2330 950 2398 gloriosum,
997 2327 1209 2398 utth
1251 2328 1579 2398 Solemnitas.
1610 2325 1739 2398 Abel
1772 2324 1841 2398 ob
1869 2337 1955 2375 sa-

383 2395 1009 2461 criticium'memo'ratur,
1043 2397 1226 2452 Enoch
1264 2396 1405 2465 quod
1445 2396 1553 2448 Deo
1586 2395 1845 2465 placuerit
1869 2408 1957 2446 ce-

386 2471 636 2533 lebratur,
662 2469 1011 2524 Melchisedec
1035 2479 1089 2521 nt
1108 2464 1296 2536 imago,
1311 2468 1400 2520 Dei
1424 2465 1761 2534 praedicatur,
1787 2464 1958 2536 Abrao

386 2542 504 2592 ham
554 2550 772 2610 propter
818 2538 976 2594 fidem
1021 2534 1286 2610 laudatur,
1334 2537 1481 2590 lsaae
1521 2536 1662 2610 quod
1694 2537 1857 2610 ligura
1890 2534 1960 2610 sit

384 2604 677 2675 extollitur,
699 2610 863 2664 Jacob
882 2610 951 2663 ob
975 2611 1170 2663 luctam
1198 2608 1381 2661 beatus
1405 2605 1737 2675 praedicatur,
1760 2604 1957 2672 Joseph

383 2682 452 2734 ob
481 2688 775 2735 castitatem
804 2684 1113 2744 honoratur,
1135 2678 1235 2732 Job
1257 2677 1525 2746 patientiae
1546 2675 1756 2729 laudem
1778 2675 1957 2746 habet,

385 2751 589 2822 Moyses
642 2762 698 2804 ut
746 2751 1013 2822 legislator
1057 2744 1407 2822 benedicitur,
1439 2746 1773 2822 Jesus__lilius
1816 2744 1960 2799 Nave

388 2833 442 2874 ιιι
471 2816 591 2875 belli
639 2822 744 2874 dux
788 2816 1111 2884 celebratur,
1153 2818 1377 2872 Samson
1417 2833 1481 2871 ex
1533 2816 1800 2884 colloquio
1839 2830 1959 2870 cum

391 2894 495 2946 Deo
524 2892 708 2946 beatus
759 2892 971 2956 dicitur,
1006 2890 1181 2943 Helias
1224 2888 1321 2942 zeli
1366 2887 1730 2942 testimonium
1780 2885 1959 2951 habet,

390 2963 549 3015 Isaias
590 2963 865 3030 theologus
894 2976 1016 3015 esse
1059 2961 1331 3023 scribitur,
1383 2957 1570 3012 Daniel
1624 2965 1679 3009 ut
1728 2956 1963 3030 prudens

392 3033 725 3100 prsidieatur,
760 3026 1002 3086 Ezechiel
1034 3040 1092 3085 ut
1133 3044 1449 3084 arcanorum
1493 3036 1760 3100 spectator
1796 3026 1965 3100 admi-

391 3097 578 3157 rationi
613 3097 853 3168 hahetur,
888 3101 1049 3155 David
1096 3112 1151 3154 ut
1190 3110 1341 3169 pater
1386 3098 1627 3168 mysterii
1673 3097 1964 3169 secundum

390 3190 603 3228 carnem
632 3174 949 3233 celebratur,
995 3168 1248 3225 Salomon
1294 3179 1352 3223 ιιι
1379 3170 1593 3237 sapiens
1636 3168 1960 3235 suspicitur;

391 3245 483 3298 sed
512 3244 643 3297 nihil
668 3243 1048 3312 exaequandum
1074 3242 1311 3309 Deiparze
1336 3240 1531 3312 Mariie.
1555 3237 1686 3312 Nam
1709 3252 1867 3305 quem
1890 3238 1966 3289 illi

392 3331 576 3368 omnes
598 3331 648 3367 ιιι
670 3308 948 3383 amiginate
970 3308 1231 3375 viderunt,
1257 3311 1441 3383 ipsamin
1465 3320 1617 3383 utero
1638 3308 1966 3383 incarnatum

393 3388 635 3454 gestavit,
679 3401 741 3438 ac
779 3379 913 3437 nihil
946 3383 1219 3451 impedivit
1264 3380 1585 3454 ineffabilem
1617 3379 1967 3454 (BCDtlQllllam

402 3450 556 3510 Verbi
598 3457 709 3509 Dei.
740 3450 1047 3509 Tumorne?
1092 3454 1162 3507 At
1210 3452 1495 3505 materialis
1538 3459 1621 3504 cst
1666 3450 1882 3515 passio:
1916 3457 1972 3501 at

397 3537 601 3580 tumore
645 3535 699 3579 et
742 3526 986 3594 passione
1014 3538 1235 3577 vacuum
1267 3530 1349 3575 est
1379 3522 1631 3575 Verbum.
1664 3518 1850 3594 Tantae
1877 3517 1971 3594 de-

399 3598 666 3651 inissioiiis
695 3590 1045 3665 magnitudo?
1071 3594 1174 3648 Sed
1202 3593 1450 3665 divinitas
1495 3606 1600 3644 non
1631 3590 1970 3665 circumscri-

398 3667 556 3720 bitur.
585 3659 853 3719 Piacultim
876 3666 898 3718 ?
922 3664 1028 3719 Sed
1054 3679 1171 3718 eam
1202 3664 1488 3717 ell‘ormans
1515 3677 1620 3714 non
1652 3659 1889 3722 foedavit,
1919 3668 1973 3711 et

402 3739 451 3789 in
504 3737 587 3803 illa
642 3738 964 3797 incarnatus,
996 3743 1050 3788 et
1091 3750 1157 3788 ex
1188 3734 1275 3786 illa
1305 3733 1538 3802 genitus,
1589 3746 1692 3783 non
1743 3729 1974 3803 pollutus

399 3818 483 3862 est
506 3800 658 3872 ;'imo
683 3809 905 3876 gloriam
935 3807 1064 3875 Regi
1086 3806 1239 3858 all'ert
1269 3800 1846 3876 betiignitas._l’artus__?
1870 3800 1974 3876 Sed

402 3896 504 3931 non
536 3871 719 3931 minuit
754 3887 932 3945 partus
956 3871 1099 3938 enin,
1130 3877 1219 3944 qui
1244 3875 1359 3945 sine
1387 3871 1768 3945 principiorest.
1798 3871 1975 3923 Parlui

398 3949 576 4017 juncta
630 3944 966 4001 incarnatio?
1017 3946 1121 3999 Sed
1165 3944 1513 4017 mutationem
1562 3944 1741 3996 divina
1786 3951 1976 4017 natura

402 4010 508 4073 non
542 4034 691 4087 passa
720 4027 820 4070 est.
850 4017 1071 4070 Matrem
1105 4017 1261 4069 habet
1291 4014 1583 4069 secundum
1614 4027 1850 4087 carnem,
1880 4010 1974 4087 sed

403 4106 507 4143 non
535 4083 711 4143 amisit
739 4089 880 4158 quod
921 4097 1063 4141 esset
1091 4088 1205 4139 sine
1234 4095 1405 4158 matre
1452 4084 1745 4137 secundum
1786 4083 1980 4158 divini-

405 4170 585 4214 tatem.
639 4153 928 4227 PrmSepe?
981 4158 1085 4211 Sed
1137 4158 1306 4210 Patris
1350 4157 1522 4227 sinum
1575 4169 1681 4207 non
1731 4153 1974 4227 nudavit.

403 4231 699 4299 Spelunca?
729 4224 834 4284 Sed
877 4228 1105 4283 Trinitas
1144 4241 1447 4299 numquam
1469 4226 1728 4299 thronum
1747 4224 1979 4299 reliquit.

404 4294 542 4356 Nihil
582 4316 709 4370 ergo
753 4302 804 4354 in
846 4302 1115 4353 hominum
1159 4302 1262 4350 vita
1290 4294 1484 4351 isimile
1534 4294 1730 4364 Virgini
1779 4294 1975 4370 Mariae.

405 4373 578 4427 Mente
610 4367 805 4440 itaque,
848 4386 880 4423 o
909 4369 1090 4435 homo,
1126 4367 1976 4440 lotamcreaturampercurrito,

406 4456 460 4497 et
485 4445 602 4497 vide
630 4435 751 4495 num
776 4442 902 4511 quid
930 4451 1020 4494 aut
1044 4440 1246 4511 aequale
1273 4439 1341 4491 sit
1371 4437 1609 4511 Deiparze
1640 4435 1861 4503 Virgini,
1892 4444 1984 4488 aut

408 4515 576 4581 majus
620 4513 704 4566 illa
736 4528 750 4563 :
787 4506 979 4565 terram
1018 4510 1261 4574 circumi,
1302 4522 1448 4581 mare
1482 4506 1761 4581 perlustra,
1804 4520 1983 4558 aerem

406 4576 665 4649 scrutare,
697 4583 855 4636 caelos
881 4591 1059 4637 mente
1098 4580 1387 4651 perpende,
1419 4576 1711 4651 invisibiles
1732 4584 1983 4651 potesta-

409 4666 489 4709 tes
508 4645 699 4724 cogita,
726 4663 781 4707 et
809 4652 927 4706 vide
965 4645 1328 4724 num—in'tota
1358 4656 1543 4724 natura
1587 4645 1839 4724 sitﬁaliud
1883 4646 1985 4724 tale

408 4716 787 4793 spectaculum.
817 4724 947 4777 Nam
978 4723 1091 4777 caeli
1125 4730 1375 4793 enarrant
1404 4720 1625 4793 gloriam
1667 4718 1781 4783 Dei,
1813 4716 1986 4785 angeli

408 4788 529 4849 cum
560 4798 748 4849 timore
782 4794 1103 4858 ministrant,
1136 4788 1440 4860 archangeli
1470 4788 1694 4843 adorant
1729 4802 1853 4860 cum
1882 4797 1988 4842 tre-

412 4882 580 4932 more,
624 4863 907 4919 c‘heruhiui
946 4880 1051 4918 non
1094 4859 1774 4922 fercntcs’exborrescunt,
1826 4859 1987 4912 Sera-

412 4938 558 5006 phini
587 4952 690 4990 non
712 4937 989 5002 accedunt,
1021 4934 1114 4989 sed
1134 4934 1578 4989 circumvolantes
1607 4944 1729 4983 cum
1756 4938 1987 4984 tremore

1135 316 1411 373 CONTRA
1450 310 1854 370 HIERETICOS
1891 309 1979 367 ET
2020 309 2084 363 IN
2120 308 2437 365 SANCTAM
2478 309 2851 365 DEIPARAM.

3520 315 3623 373 710

2041 426 2274 479 clamant
2297 441 2311 478 :
2339 423 2579 488 Sanctus,
2605 434 2828 489 sanctus,
2851 433 3053 477 sanctus
3078 422 3327 479 Dominus
3349 427 3574 482 Sabaoth
3611 469 3621 484 .

2042 498 2245 565 plenum
2274 507 2346 549 est
2375 495 2552 547 aetum
2575 504 2623 547 et
2645 503 2775 547 terra
2798 493 2966 547 laudis
2996 496 3104 564 ejus
3135 494 3286 565 (Isai.
3326 498 3380 553 6.
3408 499 3488 565 3).
3517 497 3623 552 La-

2042 581 2136 620 cus
2164 582 2353 620 sonum
2377 581 2481 619 non
2508 566 2645 629 tulit,
2676 565 2844 618 nubes
2864 567 3212 636 assumptioni
3242 582 3360 620 cum
3392 579 3624 622 tremore

2042 638 2299 692 vehentes
2337 637 2725 701 ministrarunt,
2764 636 2841 688 sol
2876 637 3250 689 contumeliam
3299 653 3401 691 non
3435 638 3624 696 terens

2044 708 2341 773 inhorruit,
2388 706 2625 760 infernus
2680 716 2918 759 mortuos
2964 722 3082 759 cum
3134 707 3322 761 timore
3369 714 3624 764 evomuit.

2043 778 2257 832 Ostiarii
2293 786 2343 832 te
2369 777 2608 830 videntes
2643 777 2986 839 exhorrnere,
3030 792 3183 829 mons
3224 792 3507 833 ascensum
3536 796 3630 834 εκ-

2043 850 2248 916 cipiens
2278 848 2574 916 fnmigavit,
2618 847 2783 900 rubus
2814 848 3070 899 visionem
3109 863 3211 900 non
3258 848 3434 903 ferens
3469 866 3630 904 exar-

2044 921 2133 983 sit,
2177 919 2424 973 Jordanis
2468 932 2575 986 prae
2618 916 2839 971 horrore
2873 932 3164 971 conversus
3192 927 3273 971 est
3311 928 3628 982 retrorsum,

2049 1005 2194 1044 mare
2221 991 2421 1059 virgam
2459 999 2703 1041 metuens
2744 988 3030 1041 dissectum
3061 996 3145 1041 est
3174 1003 3269 1057 per
3300 990 3628 1045 Dominicam

2046 1062 2265 1125 figuram
2296 1059 2736 1130 mansuefactum,
2774 1059 2923 1130 virga
2953 1059 3182 1130 Aaronis
3205 1070 3420 1125 propter
3446 1061 3630 1130 imagi-

2049 1147 2168 1183 nem
2194 1140 2388 1198 praeter
2418 1138 2660 1183 naturam
2685 1129 2882 1193 ﬂoruit,
2912 1128 3047 1190 ignis
3076 1129 3128 1181 in
3157 1128 3425 1199 Babylone
3456 1128 3632 1186 Trini—

2049 1202 2171 1255 tatis
2203 1215 2484 1254 numerum
2510 1201 2769 1252 reveritus
2796 1207 2895 1252 est.
2928 1199 3197 1266 Stupenda
3229 1201 3314 1253 illa
3354 1218 3631 1268 enumera,

2048 1282 2101 1324 et
2128 1272 2355 1340 Virginis
2382 1272 2653 1324 victoriam
2686 1269 2880 1323 mirare
2913 1286 2927 1340 ι
2954 1272 3075 1338 quia
3104 1286 3258 1338 quem
3282 1273 3455 1325 omnis
3482 1289 3631 1328 crea-

2049 1351 2167 1395 tura
2196 1339 2316 1395 cum
2358 1343 2551 1394 timore
2574 1350 2629 1394 et
2655 1350 2886 1394 tremore
2917 1339 3128 1408 hymnis
3157 1340 3468 1401 celebravit,
3510 1360 3629 1397 eum

2052 1413 2139 1465 illa
2170 1412 2281 1466 sola
2304 1412 2462 1465 modo
2486 1411 2839 1479 inexplicabili
2871 1411 2921 1463 in
2952 1410 3183 1465 thalamo
3207 1414 3430 1479 recepit.
3458 1413 3633 1468 Beata:

2051 1493 2269 1553 propter
2297 1483 2437 1536 illam
2482 1496 2668 1553 omnes
2704 1481 2953 1553 mulieres
2994 1499 3007 1534 :
3038 1496 3141 1553 non
3168 1483 3306 1534 ultra
3347 1484 3634 1537 femineum

2087 1551 2219 1607 enus
2244 1554 2294 1606 in
2327 1552 2829 1623 maledictione_est.
2861 1551 3303 1623 Seixumﬂhahuit,
3336 1570 3439 1622 quo
3475 1570 3637 1623 ange-

2077 1641 2134 1677 os
2172 1624 2339 1693 gloria
2383 1622 2672 1693 superabit.
2700 1620 2889 1693 Curata
2923 1622 3017 1693 fuit
3060 1621 3192 1693 Eva,
3237 1620 3448 1676 silentio
3472 1620 3634 1678 missa

2054 1703 2137 1765 est
2165 1691 2671 1765 Egyptia,sepulta
2711 1691 2808 1745 fuit
2851 1692 3055 1765 Dalila,
3078 1692 3333 1765 oblivioni
3387 1695 3506 1749 data
3556 1705 3639 1749 est

2054 1763 2303 1829 JezaIn-I',
2351 1764 2522 1817 deleta
2574 1772 2656 1817 est
2703 1764 2959 1816 memoria
3016 1763 3329 1817 Herodiadis
3362 1781 3375 1819 :
3406 1776 3459 1819 et
3499 1782 3639 1821 nunc

2059 1836 2335 1890 mulierum
2357 1835 2628 1903 catalogus
2654 1834 2704 1886 in
2730 1833 3076 1887 admiratione
3102 1835 3347 1887 habetur.
3373 1835 3639 1889 Laudatur

2055 1905 2211 1960 Sarra
2237 1915 2293 1958 ut
2313 1921 2497 1959 arvum
2529 1905 2841 1972 pOpulorum
2866 1903 3011 1956 ferax
3038 1920 3050 1965 ;
3082 1907 3373 1959 honoratur
3398 1906 3637 1961 Rebecca

2062 1986 2117 2028 ut
2169 1976 2357 2030 callida
2408 1975 2835 2029 benedictionum
2885 1976 3247 2041 procuratrix;
3300 1976 3640 2030 admirationi

2060 2046 2284 2100 habetur
2315 2047 2424 2110 Lia,
2474 2055 2531 2098 ut
2572 2054 2739 2097 mater
2786 2046 3139 2113 progenitoris
3186 2047 3475 2099 secundum
3517 2063 3638 2101 car—

2061 2133 2213 2181 nem;
2239 2117 2539 2171 celebratnr
2560 2115 2788 2179 Dehora,
2823 2126 2876 2167 ιιι
2898 2130 3016 2183 qn:e
3041 2130 3198 2182 supra
3228 2127 3467 2170 naturam
3495 2133 3643 2172 exer-

2059 2188 2196 2240 citus
2225 2188 2326 2240 dux
2361 2187 2553 2250 fuerit;
2587 2185 2739 2239 beata
2771 2186 3088 2257 praedicatur
3132 2186 3386 2253 Elisabet,
3432 2196 3488 2241 ut
3524 2204 3645 2257 qua;

2062 2257 2336 2311 Prodromi
2364 2258 2547 2325 gratiae
2577 2256 2985 2309 exsultationem
3008 2255 3327 2321 disposuerit
3353 2274 3366 2322 ;
3392 2255 3646 2312 adoratnr

2060 2337 2115 2381 et
2141 2328 2322 2391 Maria,
2354 2328 2477 2397 quia
2504 2326 2601 2379 fuit
2629 2337 2817 2389 mater,
2844 2334 2899 2379 et
2921 2326 3133 2384 ancilla,
3161 2335 3215 2379 et
3243 2328 3430 2388 nubes,
3457 2338 3511 2381 et
3532 2330 3647 2381 tha-

2064 2401 2252 2459 lamus.
2286 2408 2341 2452 et
2382 2413 2506 2451 arca
2550 2397 2781 2449 Domini.
2829 2397 3032 2458 Mater;
3089 2398 3295 2464 peperit
3341 2401 3481 2451 enim
3522 2415 3642 2452 cum

2062 2468 2150 2537 qui
2176 2470 2320 2522 nasci
2351 2469 2514 2521 voluit
2546 2485 2558 2520 :
2587 2468 2777 2520 ancilla
2806 2484 2819 2528 ;
2855 2474 3096 2519 naturam
3141 2468 3335 2535 quippe
3363 2470 3643 2535 confiteor,

2062 2550 2114 2592 et
2148 2540 2380 2607 priedico
2407 2538 2629 2606 gratiam
2666 2554 2679 2590 :
2713 2538 2910 2601 nubes;
2943 2552 3065 2589 nam
3109 2551 3175 2592 ex
3222 2537 3418 2605 Spiritu
3463 2552 3649 2594 saneto

2063 2611 2304 2678 concepit
2330 2625 2470 2672 eum,
2496 2623 2652 2678 quem
2675 2609 2790 2662 sine
2811 2607 3056 2678 passione
3084 2614 3286 2674 peperit
3310 2626 3322 2662 :
3350 2610 3646 2674 thalamus;

2065 2686 2117 2732 in
2146 2677 2244 2732 illa
2260 2681 2400 2733 enim
2430 2677 2580 2747 quasi
2613 2695 2664 2731 ιιι
2698 2677 2920 2745 nuptiali
2966 2677 3200 2731 thalamo
3246 2680 3382 2733 Dens
3412 2679 3646 2733 Verbum

2069 2750 2325 2804 habitavit
2356 2767 2370 2804 :
2397 2764 2520 2802 arca
2547 2764 2561 2811 ;
2596 2764 2701 2802 non
2752 2750 2922 2817 legem
2950 2757 3191 2819 portans,
3233 2749 3326 2802 sed
3355 2748 3652 2819 Legislato-

2068 2836 2181 2874 rem
2210 2832 2362 2874 utero
2400 2829 2636 2889 gestans.
2679 2819 3036 2884 Quamobrem
3077 2818 3315 2889 dicamus
3360 2818 3455 2884 illi,
3500 2820 3653 2873 Bene-

2066 2892 2201 2943 dicta
2229 2901 2283 2943 tu
2324 2890 2379 2942 in
2412 2888 2726 2942 mulieribus.
2756 2889 2836 2943 Tu
2865 2889 2914 2941 in
2947 2888 3259 2960 mulieribus
3284 2890 3393 2942 sola
3422 2906 3502 2955 es,
3534 2898 3652 2960 qua:

2070 2962 2194 3015 Eva:
2223 2975 2507 3015 maerorem
2532 2961 2750 3023 curasti,
2774 2974 2892 3030 quae
2917 2959 3032 3012 sola
3062 2959 3360 3030 plangentis
3389 2960 3653 3030 lacrymas

2067 3032 2383 3093 abstersisti,
2437 3046 2555 3098 quae
2610 3030 2721 3083 sola
2773 3029 3155 3097 redemptionis
3188 3030 3368 3082 mundi
3422 3029 3652 3095 pretium

2072 3102 2256 3166 tulisti,
2289 3103 2375 3155 cui
2404 3101 2502 3153 soli
2549 3100 2847 3167 margarita:
2879 3100 3156 3153 thesaurus
3182 3101 3520 3155 concreditus
3547 3114 3653 3169 est,

2071 3187 2189 3240 qua:
2219 3171 2331 3225 sola
2371 3172 2488 3224 sine
2515 3173 2786 3238 voluptate
2814 3185 3094 3237 praegnans
3125 3169 3289 3234 fuisti,
3331 3180 3385 3224 et
3414 3173 3530 3225 sine
3556 3172 3654 3226 do-

2073 3243 2187 3295 lore
2214 3242 2483 3309 peperisti,
2526 3257 2643 3309 quae
2673 3242 2783 3293 sola
2812 3240 3215 3294 Etn‘mauuelem
3266 3253 3321 3294 ut
3362 3242 3479 3308 ipse
3507 3243 3655 3297 vole-

2073 3313 2161 3365 bat
2185 3313 2432 3380 genuisti.
2481 3311 2751 3364 Benedicta
2799 3311 2932 3363 tuin
2971 3310 3263 3380 mulieribus
3290 3322 3334 3369 et
3368 3311 3655 3367 benedictus

2074 3378 2266 3452 [ructus
2292 3381 2443 3450 (Luc.
2472 3384 2523 3435 1.
2555 3381 2671 3450 28),
2706 3396 2813 3434 non
2854 3396 3076 3445 semen;
3111 3378 3236 3452 llos,
3280 3396 3385 3436 non
3436 3386 3611 3451 passio
3639 3401 3656 3448 ς

2073 3451 2346 3521 Splendor,
2394 3469 2498 3505 non
2525 3463 2806 3514 creatura;
2838 3465 2957 3505 ciim
3004 3452 3160 3504 Patre
3204 3451 3378 3505 throni
3411 3467 3653 3520 consors,

2078 3540 2180 3576 non
2208 3537 2432 3587 servus;
2457 3523 2557 3587 sol,
2589 3537 2693 3576 non
2723 3537 2883 3575 arena
2913 3537 2927 3585 ;
2958 3521 3049 3590 qui
3076 3522 3348 3579 aduratur.
3374 3539 3478 3576 non
3503 3539 3658 3577 crea-

2078 3604 2193 3657 tus;
2225 3593 2607 3661 redemptionis
2633 3594 2885 3662 pretium,
2915 3607 3019 3644 non
3050 3592 3277 3645 debitor.
3308 3591 3581 3646 Benedicta
3604 3604 3659 3647 tu

2076 3665 2130 3716 in
2160 3663 2467 3725 mulieribus,
2498 3672 2543 3717 et
2569 3664 2850 3716 benedictus
2873 3666 3068 3732 fructus
3093 3666 3275 3714 ventris
3297 3665 3388 3716 tui.
3417 3664 3518 3717 Pro
3541 3680 3660 3717 om-

2079 3735 2235 3787 nibus
2260 3734 2327 3787 ad
2358 3742 2476 3786 tuas
2501 3733 2770 3803 canendas
2794 3733 2978 3786 laudes
3008 3732 3138 3803 satis
3166 3734 3256 3786 tibi
3284 3743 3370 3803 est
3403 3734 3660 3803 prOpheta

2080 3806 2316 3857 clamans
2345 3822 2357 3852 :
2391 3804 2520 3856 Ecce
2554 3802 2706 3873 Virgo
2736 3804 2789 3855 in
2818 3814 2960 3855 utero
3005 3801 3414 3873 habebitiusai.’
3444 3801 3512 3859 7(
3547 3806 3660 3870 14).

2082 3875 2222 3927 Dixit
2256 3874 2593 3939 miraculum,
2623 3872 2677 3927 et
2708 3874 2920 3926 modum
2955 3874 3137 3927 tacuit.
3178 3872 3245 3925 Et
3286 3876 3444 3940 pariet
3477 3876 3660 3943 ﬁlium.

2082 3945 2296 3998 Partum
2330 3948 2653 4012 praedicavit,
2678 3953 2731 3998 et
2756 3944 2972 3997 modum
3002 3958 3107 3996 non
3138 3946 3376 4012 Spurium
3409 3946 3660 4005 reddidit,

2083 4013 2149 4067 Et
2174 4015 2415 4067 uocabunt
2442 4031 2621 4068 nomen
2659 4016 2767 4083 ejus
2792 4012 3114 4067 Emmanuel.
3133 4015 3306 4086 Dixit
3328 4018 3663 4086 mysterium,

2082 4098 2135 4140 et
2175 4085 2583 4154 appellationem
2614 4087 2763 4154 quasi
2798 4086 2995 4137 tonitru
3041 4084 3238 4138 emisit.
3281 4084 3427 4149 Quod
3467 4098 3536 4139 est
3579 4089 3662 4139 iu-

2085 4166 2430 4225 terpretatum,
2479 4154 2753 4209 Nobiscum
2778 4154 2955 4225 iDeus.
2990 4156 3155 4225 Deum
3185 4166 3364 4208 natum
3409 4159 3662 4225 praedica-

2084 4224 2178 4290 vit,
2207 4234 2263 4279 et
2309 4226 2617 4280 Judtcorum
2644 4242 2737 4279 ora
2766 4224 3010 4280 frenavit.
3061 4224 3338 4278 Nobiscum
3368 4224 3529 4293 Deus,
3566 4244 3662 4280 ex-

2086 4297 2309 4350 stinctus
2337 4306 2421 4351 est
2457 4312 2652 4351 error:
2685 4297 2961 4349 nobiscum
3013 4296 3177 4360 Deus,
3226 4306 3280 4349 et
3330 4298 3665 4350 circumcisio

2086 4367 2315 4421 cessavit
2346 4384 2358 4418 :
2392 4367 2667 4421 nobiscum
2696 4369 2857 4429 Deus,
2886 4374 2941 4419 et
2977 4366 3253 4420 dazmones
3290 4366 3453 4436 fugati
3496 4378 3619 4422 sunt
3647 4387 3660 4422 :

2089 4437 2363 4491 nobiscum
2389 4438 2546 4501 Deus,
2570 4447 2626 4491 et
2642 4437 2885 4491 diabolus
2910 4446 3206 4504 prostratus
3228 4447 3310 4489 est
3338 4453 3350 4488 :
3389 4438 3661 4492 nobiscum

2093 4509 2251 4573 Deus,
2279 4519 2331 4561 et
2362 4508 2558 4576 piscina
2592 4523 2779 4576 parere
2809 4523 2912 4561 n0n
2937 4516 3110 4561 cessat
3141 4525 3154 4559 :
3185 4508 3460 4568 nobiscum
3505 4510 3663 4575 Deus,

2090 4588 2143 4633 et
2170 4591 2323 4647 reges
2348 4579 2599 4646 pietatem
2625 4579 2808 4633 colunt
2837 4595 2849 4631 :
2880 4578 3155 4631 nobiscum
3198 4578 3356 4641 Dens,
3394 4589 3446 4631 et
3489 4578 3670 4633 Eccle-

2091 4648 2183 4703 sia:
2208 4661 2444 4718 angusta:
2470 4650 2702 4704 evadunt
2733 4667 2743 4700 :
2778 4649 3053 4702 nobiscum
3091 4648 3249 4711 Deus,
3282 4658 3336 4701 et
3359 4663 3503 4702 mors
3533 4649 3671 4707 facta

2093 4728 2175 4775 est
2201 4734 2417 4772 somnus
2445 4736 2459 4773 :
2491 4721 2765 4775 nobiscum
2812 4720 2971 4785 Deus,
3003 4726 3059 4773 et
3100 4720 3297 4772 mortui
3324 4718 3391 4772 de
3425 4720 3670 4773 libertate

2093 4789 2421 4860 exsultantes
2459 4790 2729 4843 clamant:
2765 4788 2887 4842 Non
2915 4789 3144 4860 angelus.
3192 4805 3290 4841 non
3339 4790 3549 4859 legatus,
3583 4793 3671 4847 sed

2093 4861 2201 4928 ipse
2222 4857 2365 4912 Deus
2389 4862 2539 4927 venit,
2566 4872 2614 4914 et
2642 4860 2851 4914 saluauit
2876 4877 2966 4914 nos
2986 4857 3152 4931 '(Isai.
3181 4860 3267 4913 65.
3301 4860 3354 4929 9)
3387 4857 3405 4913 Ξ
3437 4862 3535 4929 ipsi
3566 4862 3671 4929 glo-

2096 4932 2175 4983 ria
2202 4933 2254 4983 in
2280 4932 2493 4983 smcnla.

2096 4946 2175 4984 l‘la
2202 4947 2254 4984 In
2280 4944 2493 4984 SIBCUla.

424 5048 3668 5076 ΜΨ

1230 5140 1478 5184 CONTRA
1521 5133 1889 5181 HERETICOS
1939 5133 2020 5174 ET
2061 5131 2128 5175 IN
2181 5131 2469 5175 SANCTAM
2504 5132 2852 5175 DEIPARAM.

1901 5272 2157 5294 -ο-

494 5385 540 5437 ι.
568 5382 774 5436 Rursus
815 5375 1033 5447 Spiritui
1077 5372 1476 5447 sancto__fidens,
1504 5373 1815 5447 ignorantiae
1840 5381 1990 5426 cate-

421 5471 515 5509 nas
542 5455 821 5505 avnlsurus
848 5442 900 5501 in
928 5446 1182 5500 doctrina:
1211 5445 1398 5496 solium
1418 5442 1669 5507 ascendo,
1694 5458 1794 5497 nec
1814 5458 1989 5497 meam

422 5524 680 5578 reveritus
702 5520 952 5588 inopiam.
979 5516 1111 5571 Cum
1126 5514 1284 5588 enim
1300 5528 1605 5588 pauperum
1632 5525 1872 5567 amantes
1894 5512 1989 5588 _si-

423 5597 509 5660 tis,
537 5594 757 5647 caritate
784 5583 912 5643 moti
940 5589 1042 5641 mei
1068 5583 1467 5660 miserebimini.
1490 5583 1698 5660 Pauper
1716 5598 1841 5660 cum
1862 5584 1986 5660 sim,

421 5653 610 5717 divites
635 5661 788 5728 adeo,
821 5674 919 5713 nec
943 5656 1258 5728 arrogantia:
1288 5654 1488 5728 mo_rbo_
1502 5653 1687 5728 laboro
1709 5670 1724 5717 ;
1751 5653 1845 5707 sed
1867 5654 1991 5706 reli-

420 5736 555 5803 giosi
598 5722 785 5785 animi'
810 5728 972 5803 vestri
1005 5722 1329 5783 desiderium
1366 5724 1590 5803 impleo._
1628 5722 1757 5803 Nam
1804 5732 1858 5776 et
1884 5737 1990 5803 vos

423 5792 694 5865 Ecrmones
740 5801 867 5871 mei,
910 5808 965 5855 et
1010 5815 1095 5857 me
1137 5811 1316 5852 mores
1357 5795 1517 5851 vestri
1562 5793 1843 5851 delectant.
1884 5792 1992 5847 Nec

2102 5375 2617 5439 paupertatem,_nec
2643 5362 2694 5416 in
2732 5361 2958 5439 dicendo
2988 5362 3217 5439 iuopiam
3265 5378 3435 5416 meam
3480 5366 3674 5427 sentio,

2096 5433 2222 5495 cum
2251 5438 2350 5490 hoc
2383 5433 2658 5505 pulchrum
2689 5442 2744 5487 et.
2773 5433 3128 5505 desiderabile
3177 5436 3436 5505 theatrum
3468 5436 3678 5503 conspi-

2097 5508 2202 5564 cio.
2230 5508 2354 5562 Scio
2381 5503 2599 5574 quippe,
2634 5519 2729 5557 vos
2755 5519 2857 5557 non
2888 5503 3150 5557 dictorum
3173 5504 3398 5572 judices,
3432 5518 3531 5558 nec
3556 5520 3681 5573 ago-

2099 5597 2225 5633 num
2256 5587 2585 5645 spectatores
2609 5575 2714 5629 huc
2753 5575 3057 5639 convenire,
3096 5577 3189 5628 sed
3217 5583 3275 5628 ut
3312 5574 3475 5645 quasi
3504 5586 3679 5642 patres

2098 5665 2219 5705 cum
2246 5644 2354 5702 ﬁlio
2381 5645 2819 5701 corroboremini.
2854 5646 2963 5714 Ego
2992 5661 3219 5714 namque
3265 5645 3440 5713 lingua
3467 5644 3677 5711 lotiuor,

2101 5736 2198 5774 vos
2222 5730 2399 5773 autem
2429 5716 2591 5771 corde
2636 5718 2809 5786 petitis
2839 5735 2867 5768 a
2902 5720 3029 5778 Deo,
3064 5725 3119 5769 ut
3143 5717 3298 5769 detur
3323 5716 3682 5786 nobisgsermo

2102 5793 2155 5847 in
2181 5790 2458 5861 apertioue
2495 5787 2606 5843 oris
2636 5784 2869 5856 '(Epltes.
2899 5790 2950 5842 6.
2985 5786 3076 5854 £9)
3110 5804 3122 5838 ε
3155 5803 3275 5841 nam
3301 5800 3422 5841 cum
3452 5784 3682 5850 ﬁliorum
