4082 6400
457 250 562 307 715

457 363 702 426 παινίδος
729 364 882 428 τάξιν
916 365 1185 436 ἐπέχουσα
1215 362 1356 418 κατὰ
1381 363 1542 432 φύσιν
1571 367 1818 429 κινεῖται,
1846 366 1939 418 καὶ
1975 365 2125 434 παρά

458 443 620 511 φύσιν
635 444 836 513 τρέχει,
871 446 1202 516 πρόσταγμα
1235 443 1514 513 πληροῦσα
1539 443 1697 496 Θεοῦ.

526 528 596 589 γ’.
633 524 766 576 Εἰπὲ
797 523 876 586 δὲ,
905 513 932 576 ὁ
965 523 1180 593 ζητῶν,
1216 523 1334 586 πῶς
1367 525 1395 575 6
1431 518 1659 592 Χριστὸς
1698 524 1762 574 ἐκ
1791 523 1887 591 τῆς
1906 513 2122 574 ’ἁλύτου

459 601 671 670 μήτρας
691 601 962 671 προελθὼν
986 604 1084 654 οὑκ
1105 604 1335 670 ἠφάνισε
1364 602 1464 672 τὴν
1499 605 1765 674 σφραγῖδα
1801 605 1898 670 τῆς
1921 603 2124 674 παρθε-

455 682 595 744 νίας,
627 681 743 744 πῶς
781 684 845 733 ἐκ
897 680 986 733 τοῦ
1033 679 1363 747 παρθενικοῦ
1413 680 1585 751 Ἀδάμ
1627 684 1660 752 ή
1707 682 1971 752 παρθένος
2010 679 2123 733 Εὕα

457 760 718 829 προῆλθε.
757 760 821 811 Ἦ
877 759 1135 821 Θεοτόκος
1173 759 1281 828 γάρ
1321 760 1505 828 Μαρία
1558 761 1630 829 μὴ
1671 761 1874 828 γνοῦσα
1921 761 2120 830 ἄνδρα,

457 840 626 910 ἄνδρα
670 839 886 901 ἔτεκεν,
935 840 962 890 6
1017 840 1437 908 πρωτόπλαστος
1483 841 1653 909 Ἀδὰμ
1704 840 1777 909 μὴ
1821 842 1982 906 γνοὺς
2021 857 2120 908 γυ-

457 921 639 979 ναῖκα,
673 921 904 983 γυναῖκα
931 917 1278 986 ἐϐλάστησεν.
1309 918 1466 971 Ἀλλὰ
1499 919 1555 969 :6
1584 919 1680 989 μὲν
1713 918 1976 990 παρθένον
2004 937 2124 987 γεν-

455 998 638 1066 νῆσαι,
667 999 713 1048 εἰ
736 998 831 1048 καί
863 994 1184 1065 παράδοξον,
1212 995 1326 1048 ἀλλ’
1352 998 1500 1066 ὅμως
1529 997 1707 1066 ἔχεται
1739 999 1917 1065 λόγου,
1945 998 2066 1052 καθ’
2095 997 2124 1050 6

456 1075 667 1144 γαστὴρ
699 1076 793 1127 καὶ
827 1077 1008 1144 μήτρα
1034 1076 1133 1127 καὶ
1168 1076 1373 1143 φυσικὴ
1405 1079 1515 1138 τοῖς
1554 1078 1894 1147 τικτομένοις
1927 1094 2122 1146 προτε-

455 1154 701 1208 τύπωται
738 1154 854 1216 666;
875 1169 886 1181 '
922 1155 1014 1205 ἐπὶ
1045 1154 1100 1205 δὲ
1147 1153 1239 1206 τοῦ
1291 1154 1460 1222 Ἀδάμ
1494 1156 1670 1208 πάντα
1704 1156 1847 1218 ξένα.
1887 1155 1982 1218 Τίς
2014 1157 2123 1226 γάρ

457 1230 595 1286 εἶδεν
647 1232 755 1284 ἀπὸ
809 1233 1048 1302 πλευρᾶς
1107 1231 1427 1301 τικτόμενον
1492 1233 1809 1301 ἄνθρωπονς
1873 1234 2002 1286 πότε
2067 1235 2122 1287 δὲ

457 1311 665 1380 πλευρά
697 1311 1078 1380 συνεισήνεγκε
1110 1312 1513 1380 καρποφορίαν;
1543 1313 1748 1364 ’Ύπνον
1781 1313 2012 1366 ἐπέϐαλε
2044 1314 2124 1385 τῷ

469 1391 640 1460 Ἀδάμ
672 1393 700 1442 ὁ
737 1389 900 1452 Θεὸς,
946 1390 1033 1443 ἵνα
1089 1390 1161 1460 μὴ
1191 1391 1401 1460 λυπηθῇ
1441 1390 1528 1443 διά
1564 1390 1660 1461 τήν
1697 1393 1984 1463 ἀφαίρεσιν
2024 1395 2123 1464 τῆς

456 1469 717 1536 πλευρᾶς,
757 1469 870 1521 ἀλλ’
917 1471 1066 1538 ὅμως
1102 1468 1348 1521 ὕπνωσεν
1388 1469 1549 1521 αὑτοῦ
1589 1469 1656 1523 τὰ
1700 1471 1904 1540 δεσμά·
1949 1473 2124 1543 δεσμά

455 1548 561 1619 γάρ
585 1552 690 1600 εἰσι
710 1548 809 1616 τῆς
833 1546 1046 1615 φύσεως
1067 1550 1133 1601 τά
1150 1547 1336 1618 νεῦρα.
1357 1549 1465 1600 Καὶ
1493 1549 1702 1618 μάρτυς
1714 1550 1908 1615 Δανιὴλ
1927 1551 2121 1618 λέγων,

455 1626 564 1677 Κιιί
595 1622 757 1679 εἶδον
794 1624 909 1690 τὴν
949 1625 1267 1685 ὀπτασίαν,
1297 1628 1392 1678 καὶ
1425 1625 1619 1678 ἔπεσα
1639 1643 1651 1655 ·
1683 1627 1781 1679 καὶ
1813 1631 1865 1681 οἱ
1908 1631 2127 1682 σύνδε-

458 1704 600 1770 σμοί
633 1721 735 1772 μοι
769 1701 876 1770 τῆς
904 1703 1140 1771 ὀσφύος
1170 1702 1560 1770 διελύθησαν.
1585 1707 1832 1775 Πλευρὰν
1865 1705 1956 1760 οὖν
1981 1710 2128 1778 νόμῳ

459 1782 673 1851 φύσεως
720 1781 1152 1850 ἠσφαλισμένην,
1190 1781 1408 1852 δεσμοῖς
1449 1783 1656 1856 νεύρων
1701 1787 2126 1856 συμπεπλεγμέ-

457 1878 573 1927 νην,
602 1861 788 1931 σαρξὶν
837 1860 1175 1930 ὑφασμένην,
1223 1861 1415 1930 φλεψὶν
1446 1864 1730 1934 ἡνωμένην
1764 1865 1881 1928 πῶς
1919 1865 2125 1931 ἐξεῖλε;

456 1937 574 1999 πῶς
604 1939 926 2000 ἀπέσπασε;
960 1938 1076 2000 πῶς
1103 1940 1195 1990 καὶ
1225 1941 1258 2010 ή
1293 1941 1500 2011 πλευρὰ
1533 1941 1742 2009 ἐξῆλθε,
1779 1943 1922 1994 καὶὸ
1958 1943 2126 2012 Ἀδὰμ

458 2017 595 2079 σῶος
629 2018 844 2086 ἔμεινες
883 2017 1036 2080 Πῶς;
1068 2020 1124 2070 ’0
1151 2017 1315 2082 λύσας
1341 2015 1477 2071 οἶδεν
1499 2037 1512 2050 ·
1544 2023 1571 2071 ό
1599 2020 1764 2080 λύσας
1793 2023 1884 2073 καὶ
1914 2021 2120 2091 ἔδησεν.

457 2095 521 2146 Εἰ
567 2095 663 2165 μὲν
697 2095 804 2165 γάρ
843 2094 999 2155 ἄλλος
1029 2096 1056 2146 6
1099 2094 1288 2164 δήσας,
1317 2097 1410 2148 καὶ
1435 2097 1590 2158 ἄλλος
1619 2100 1647 2149 6
1684 2097 1870 2162 λύσας,
1908 2100 2126 2168 ζήτημα

456 2170 525 2242 ἦν
547 2191 558 2200 ·
596 2173 720 2224 εἰδὲ
743 2175 769 2224 6
791 2173 1035 2242 ἁρμόσας
1059 2171 1237 2237 ἔλυσε,
1261 2175 1353 2226 καὶ
1374 2178 1400 2227 ό
1424 2175 1662 2244 πλευράν
1687 2178 1750 2228 ὲκ
1770 2177 1870 2246 γῆς
1896 2178 2124 2242 πλάσας,

455 2253 554 2322 τήν
583 2253 828 2323 πλευρὰν
857 2252 1139 2320 άφείλατο,
1171 2253 1375 2315 ἐκεῖνος
1416 2253 1573 2322 μόνος
1604 2248 1733 2316 οἶδε,
1770 2255 1886 2315 πῶς
1921 2255 2129 2321 έλυσεν,

383 2360 385 2363 -
455 2335 484 2384 6
516 2333 610 2383 καὶ
637 2332 799 2400 μόνος
827 2330 1208 2399 ἐπιστάμενος,
1252 2331 1368 2393 πῶς
1396 2333 1494 2402 τὴν
1522 2333 1628 2384 τῶν
1659 2333 1832 2401 μελῶν
1863 2335 2129 2403 ἁρμονίαν

459 2409 774 2478 συνέθηκεν.
823 2410 1032 2478 Ὥσπερ
1081 2404 1174 2462 οὖν
1227 2409 1320 2462 καὶ
1373 2411 1511 2479 μετὰ
1557 2411 1655 2480 τὴν
1695 2411 1983 2479 ἀφαίρεσιν
2029 2412 2130 2482 τῆς

457 2491 696 2561 πλευρᾶς
747 2489 883 2551 σῶος
932 2489 1146 2558 ἔμεινεν
1191 2491 1219 2540 ὁ
1270 2490 1472 2558 Ἀδάμ,
1515 2490 1654 2542 οῦτω
1698 2493 1790 2543 καὶ
1843 2494 1982 2560 μετὰ
2029 2494 2128 2564 τὴν

457 2569 683 2638 πρόοδον
711 2567 803 2618 τοῦ
830 2567 1061 2636 βρέφους
1095 2567 1328 2638 ἄφθορος
1349 2569 1614 2638 ἔμεινενή
1651 2568 1801 2641 [241]
1831 2571 2126 2641 Παρθένος.

458 2646 596 2696 υῦτε
649 2644 754 2715 γάρ
788 2647 821 2713 ή
850 2645 956 2696 τῶν
989 2646 1081 2698 τοῦ
1125 2646 1294 2714 Ἀδάμ
1318 2647 1516 2716 ἐϐλάϐη
1541 2648 1794 2718 ἁρμονία,
1836 2649 2134 2720 ληφθείσης

455 2726 556 2794 τῆς
594 2727 856 2793 πλευρᾶς,
903 2723 1024 2776 οὔτε
1069 2725 1165 2792 τῆς
1207 2728 1506 2795 παρθενίας
1537 2728 1830 2798 ὑϐρίσθηή
1880 2732 2134 2800 σφραγὶς,

457 2804 816 2870 προελθόντος
855 2804 949 2856 τοῦ
985 2805 1241 2873 βρέφους.
1277 2805 1544 2874 Καθάπερ
1585 2808 1691 2877 γάρ
1724 2809 1806 2874 ἐφ’
1840 2809 1998 2876 ήμῶν
2038 2810 2132 2862 ἐάν

458 2901 543 2946 τις
571 2883 848 2954 ἀλλότριον
880 2883 1075 2952 δεσμὸν
1111 2883 1268 2934 λῦσαι
1295 2884 1516 2954 θελήσῃ,
1549 2884 1801 2952 ἀφανίζει
1829 2887 2009 2952 αὑτὸν,
2037 2889 2132 2940 καὶ

460 2964 760 3029 συγκόπτει
789 2963 854 3014 δι’
885 2963 1165 3031 ἀπειρίαν,
1204 2967 1232 3015 6
1269 2964 1325 3015 δὲ
1361 2964 1528 3033 δήσας
1574 2965 1794 3027 ἀκόπως
1841 2965 1955 3018 λύει
1989 2963 2132 3037 (οἶδε

460 3047 569 3116 γὰρ
601 3041 676 3096 ὢν
703 3044 859 3112 ἔδησε
888 3043 987 3112 τὴν
1017 3043 1316 3113 ἁρμονίαν)
1337 3061 1350 3074 ·
1387 3044 1529 3096 οὕτω
1561 3046 1652 3096 καί
1686 3047 1714 3096 ὁ
1746 3046 1874 3110 Θεὸς
1905 3050 1932 3100 ὁ
1961 3049 2133 3118 ἁρμό·

461 3140 580 3186 σας,
609 3125 637 3174 6
668 3122 987 3189 συσφίγξας,
1024 3124 1052 3174 6
1079 3121 1371 3191 κομϐώσας
1408 3124 1469 3174 τὸ
1500 3123 1677 3194 σῶμα,
1713 3127 1806 3178 καί¹
1851 3127 1973 3189 τοὺς
2009 3145 2132 3180 συν-

455 3203 693 3270 δέσμους
718 3202 824 3254 τῶν
853 3201 1060 3272 νεύρων
1079 3201 1216 3271 ᾔδει,
1243 3204 1336 3254 καὶ
1367 3202 1482 3275 πῶς
1508 3203 1708 3273 συνῆψε
1733 3204 1971 3274 πλευρὰν
1999 3205 2136 3276 πρὸς

458 3281 725 3350 πλευρὰν,
765 3280 857 3332 καὶ
885 3279 1107 3350 ἄρθρον,
1141 3281 1233 3332 καὶ
1266 3281 1451 3349 μέλος·
1489 3281 1582 3334 καὶ
1612 3283 1670 3346 ἐξ
1701 3277 1775 3334 ὧν
1812 3283 2136 3351 παρέδησεν,

460 3359 846 3430 ἐπιστημόνως
902 3359 994 3409 καὶ
1031 3359 1322 3426 πανσόφως
1369 3359 1540 3429 ἐπῆρε
1587 3360 1859 3430 πλευράν,
1915 3366 2008 3413 καὶ
2041 3363 2141 3414 οὑκ

463 3439 698 3506 ἐμείωσε
738 3439 827 3490 τὸν
862 3438 1051 3508 Ἀδάμ.
1093 3438 1365 3492 Ἐπλασεν
1410 3439 1573 3491 αὑτὸν
1613 3441 1641 3491 6
1687 3442 1983 3509 μονογενὴς
2013 3442 2138 3505 Υἱὸς

463 3518 558 3570 τοῦ
593 3518 728 3569 Θεοῦ
759 3519 815 3571 ἐν
843 3521 909 3586 τῇ
936 3515 1216 3587 Παρθένῳ,
1249 3518 1342 3570 καὶ
1369 3517 1491 3570 οὔτε
1519 3518 1616 3588 τὴν
1648 3520 1944 3588 παρθενίαν
1967 3521 2138 3573 πλάτ-

459 3615 568 3648 των
602 3597 864 3659 διέλυσεν,
886 3596 1008 3649 οὕτε
1040 3597 1125 3649 διά
1145 3598 1242 3666 τῆς
1272 3599 1480 3668 μήτρας
1505 3599 1782 3668 προελθὼν
1803 3602 1900 3669 τὴν
1924 3603 2139 3671 μήτραν

461 3675 786 3745 διέφθειρεν.
826 3678 961 3730 Εἰπέ
997 3674 1108 3743 οὖν,
1138 3673 1183 3731 ὦ
1217 3679 1346 3746 σοφὲ
1381 3679 1474 3729 καὶ
1504 3680 1855 3750 ἐπιστήμων·
1884 3680 1938 3732 τί
1969 3683 2131 3733 εὐκο-

463 3753 706 3823 πώτερόν
733 3757 869 3818 ἐστι,
898 3757 1166 3827 παρθένον
1198 3760 1396 3816 τεκεῖν,
1420 3759 1513 3808 καὶ
1546 3760 1683 3827 μετὰ
1705 3759 1765 3810 τὸ
1790 3761 1967 3810 τεκεῖν
1999 3778 2138 3833 παρ-

463 3834 628 3886 θένον·
647 3834 806 3886 πάλιν
843 3839 1054 3902 μεῖναι·
1088 3838 1120 3908 ἢ
1154 3837 1347 3908 ῥάϐδον
1388 3839 1466 3898 εἰς
1504 3837 1639 3900 ζῶον
1675 3837 2012 3906 ψυχωθῆναι,
2044 3841 2137 3892 καὶ

460 3913 569 3965 ἀπὸ
591 3912 729 3976 ζώου
754 3914 912 3966 πάλιν
937 3915 1128 3985 ῥάϐδον
1147 3914 1394 3982 γενέσθαι
1414 3933 1427 3980 ;
1454 3915 1574 3978 Πῶς
1597 3918 1628 3984 ή
1654 3917 1846 3986 ῥάϐδος
1862 3918 2138 3982 Μωῦσέως

462 3995 542 4055 εἰς
567 3994 833 4062 δράκοντα
878 3994 1215 4064 μετεϐλήθη;
1247 3995 1361 4056 πῶς
1398 3995 1456 4047 16
1498 3995 1699 4065 ἄψυχον
1734 3996 1909 4067 ψυχὴν
1939 3998 2134 4062 ἕλα6ε;

461 4071 580 4134 πῶς
604 4070 663 4123 τὸ
686 4067 939 4140 ἀκίνητον
971 4075 1061 4126 ἐπ)⁵
1085 4074 1188 4142 γῆς.
1215 4068 1371 4144 εἷρπε
1392 4090 1405 4138 ;
1448 4073 1562 4136 πῶς
1587 4076 1641 4126 δὲ
1675 4076 1840 4127 πάλιν
1878 4076 1986 4129 ἀπὸ
2007 4077 2137 4147 δρά-

461 4168 648 4214 κοντος
683 4151 873 4220 ῥάϐδος
901 4153 1110 4219 γέγονε,
1140 4152 1236 4222 τὴν
1264 4153 1466 4205 οἰκείαν
1500 4156 1751 4220 ἐπιγνοὺς
1775 4155 1969 4224 φύσιν;
1998 4157 2135 4210 Ποτὲ

467 4230 564 4299 μὲν
584 4229 691 4302 γὰρ
721 4231 826 4283 ἀπὸ
859 4231 1050 4300 ῥάϐδου
1070 4230 1304 4302 δράκων,
1327 4232 1453 4283 ποτὲ
1475 4231 1532 4282 δὲ
1560 4233 1667 4285 άπὸ
1689 4234 1978 4302 δράκοντος
2004 4234 2136 4305 ῥάϐ-

461 4305 550 4369 δος
589 4310 820 4377 ἐγένετο.
846 4310 1055 4380 Ὥσπερ
1097 4306 1188 4361 οὖν
1225 4311 1258 4378 ή
1290 4310 1564 4373 Μωῦσέως
1602 4312 1814 4384 ῥάϐδος,
1855 4313 2131 4384 ἄνθρωπε,

464 4387 606 4444 κατά
636 4387 796 4456 φύσιν
834 4388 932 4458 μὲν
959 4383 1027 4460 ἦν
1081 4387 1290 4460 ῥάϐδος,
1321 4390 1440 4442 κατ’
1469 4383 1777 4460 οἰκονομίαν
1799 4392 1856 4444 δὲ
1881 4392 2126 4463 δράκωνο

2055 252 2326 312 SPUBIA.

3793 257 3914 309 ’ἷῑό

2224 364 2366 415 οὕτω
2393 363 2486 414 καὶ
2511 363 2542 431 ή
2571 361 2758 433 Μαρία
2787 363 2926 418 κατά
2956 365 3118 436 φύσιν
3148 367 3244 436 μὲν
3261 361 3327 436 ἦν
3348 368 3634 439 παρθένος,
3669 380 3795 430 κατ’
3828 383 3916 432 οξ..

2227 440 2483 510 κονομίαν
2513 440 2570 492 δὲ
2617 443 2799 511 μήτηρ
2840 443 3074 511 ἐγένετο,
3115 446 3201 497 ἴνα
3241 447 3569 515 πιστεύσωσι
3605 454 3717 507 τῶν
3754 458 3920 508 Χαλ-

2225 521 2388 605 δαίων
2410 521 2458 572 οἰ
2478 522 2665 605 μάγοι.
2694 522 2965 605 καθάπερ,
2982 525 3299 605 ἕναῗφοϐηθῇ
3323 526 3618 593 Αἴγυπτος,
3641 535 3674 603 ή
3702 535 3920 605 ῥάϐδος

2225 599 2442 682 δράκων
2475 599 2708 682 ἐγένετὲ
2739 601 3041 682 Τοιγαροῦν
3075 604 3160 682 ῖνα
3195 603 3340 682 σωθῇ
3381 606 3414 668 ἡ
3447 599 3772 682 οἰκουμένη,
3804 614 3923 665 οὐκ

2226 678 2416 749 ἤθελες
2448 679 2511 757 σὺ
2539 678 2638 757 τὴν
2663 679 2935 750 Παρθένον
2961 681 3229 750 φανῆναι;
3258 679 3388 736 Εἶτα
3409 685 3465 737 δὲ
3491 678 3745 756 σεισμῶν
3767 711 3921 757 γινο-

2201 757 2406 824 ¹μένων
2443 756 2774 826 διαιροῦνται
2806 761 2972 828 τοῖχοι
3005 760 3098 813 καὶ
3138 763 3528 816 συνάπτονται·
3572 756 3822 837 Χριστοῦ
3857 772 3920 823 δὲ

2224 835 2544 904 τικτομένου
2584 836 2682 888 οὑκ
2728 837 2972 906 ήνοίγετο
3018 840 3221 910 μήτρα,
3256 841 3344 892 καὶ
3378 842 3536 894 πάλιν
3573 835 3917 914 ὑφαίνεταις

2227 913 2335 964 Καὶ
2367 915 2426 963 ἐν
2471 915 2716 982 σεισμοῖς
2764 913 2862 982 μὲν
2898 913 3039 968 οὕτω
3075 916 3403 988 διαιροῦνται
3441 913 3646 989 τοῖχοι,
3690 925 3773 987 ὡς
3817 931 3922 979 καὶ

2229 990 2457 1042 θάνατον
2489 992 2729 1044 ἀπειλεῖν
2751 1009 2763 1021 ·
2804 991 2946 1045 οὕτω
2986 993 3043 1044 δὲ
3081 994 3344 1059 ἐνοῦνται,
3373 996 3447 1058 ὡς
3480 1000 3614 1068 μηδὲ
3650 1003 3852 1073 σχῆμα
3883 1004 3918 1072 ἢ

2229 1070 2374 1150 ῖχνος
2419 1070 2705 1138 φαίνεσθαι
2749 1073 2845 1140 τῆς
2878 1071 3220 1141 διαιρέσεωςο
3267 1074 3361 1127 ἐπὶ
3392 1073 3449 1126 δὲ
3479 1077 3575 1144 τῆς
3619 1070 3919 1150 ἀφθάρτού

2226 1149 2440 1219 ἐκείνης
2478 1151 2783 1219 γεννήσεως
2811 1151 2911 1201 οὐκ
2946 1150 3135 1220 ἤθελες
3170 1150 3392 1220 λυθῆναι
3420 1154 3518 1222 μὲν
3549 1156 3652 1226 τὴν
3689 1161 3921 1228 μήτραν

2232 1227 2368 1295 πρὸς
2411 1231 2574 1297 τιμὴν
2603 1228 2696 1280 τοῦ
2723 1229 3063 1297 τικτομένου,
3113 1229 3384 1283 συνελθεῖν
3410 1231 3466 1283 δὲ
3495 1235 3592 1285 καὶ
3637 1227 3921 1306 ένωθῆναι

2225 1307 2319 1358 καὶ
2355 1307 2413 1359 16
2464 1307 2562 1377 τῆς
2611 1306 2904 1376 παρθενίας
2954 1306 3244 1360 ἀπολαϐεῖν
3298 1309 3484 1379 σχῆμα
3533 1313 3766 1383 δυνάμει
3818 1318 3919 1368 τοῦ

2227 1384 2580 1460 ἐνεργοῦντος
2606 1402 2620 1449 ;
2648 1387 2755 1438 Καὶ
2783 1386 2855 1455 μή
2891 1401 2982 1455 μοι
3011 1385 3164 1452 λέγε·
3198 1387 3368 1440 Πόθεν
3403 1390 3607 1460 ὑπέστη
3637 1393 3785 1460 σάρξ
3819 1397 3920 1446 καὶ

2226 1458 2402 1532 αἷμα,
2434 1465 2746 1534 σπέρματος
2794 1466 2868 1535 μὴ
2918 1465 3303 1535 ὑποκειμένου;
3351 1467 3504 1521 Ἔστι
3544 1458 3651 1542 γάρ
3682 1458 3751 1524 ἐκ
3807 1477 3922 1525 τῶν

2227 1543 2350 1596 καθ’
2402 1547 2549 1614 ήμᾶς
2599 1545 2788 1614 μαθεῖν
2832 1544 2893 1597 16
2925 1546 3064 1615 ὑπὲρ
3101 1547 3267 1615 ἡμᾶς.
3321 1548 3430 1600 Καὶ
3471 1549 3622 1603 κάλει
3685 1571 3785 1621 μοι
3840 1557 3924 1616 εἰς

2232 1621 2444 1685 εἰκόνας
2475 1622 2580 1674 τῶν
2616 1622 2919 1690 λεγομένων
2947 1626 3072 1685 τοὺς
3113 1623 3221 1675 τῶν
3257 1623 3561 1696 ζωγράφων
3608 1630 3839 1695 παῖδας,
3870 1633 3922 1684 οἱ

2233 1701 2493 1763 πολλάκις
2527 1702 2620 1753 καὶ
2649 1703 2791 1770 φυτά
2820 1703 2914 1754 καὶ
2953 1701 3143 1771 δένδρα
3174 1703 3270 1755 καὶ
3309 1703 3576 1774 λειμῶνας
3609 1710 3700 1760 καὶ
3735 1727 3922 1764 ποτα-

2239 1779 2371 1848 μοὺς
2408 1779 2812 1860 ζωγραφοῦσιν,
2833 1781 2926 1832 καὶ
2953 1780 3171 1860 ἐπειδάν
3207 1782 3269 1851 δὴ
3295 1783 3393 1852 τὴν
3422 1785 3581 1852 φύσιν
3610 1790 3922 1860 συνεργοῦ-

2240 1873 2339 1908 σαν
2377 1859 2480 1908 οὐκ
2511 1859 2714 1926 έχουσι,
2753 1857 2913 1929 τέχνῃ
2945 1857 3219 1928 βιάζονται
3241 1863 3306 1929 τῇ
3331 1865 3521 1931 κράσει
3547 1865 3658 1918 τῶν
3687 1857 3922 1938 χρωμά-

2233 1953 2340 1987 των
2365 1937 2462 1998 τάς
2489 1936 2596 1988 τῶν
2626 1939 2968 2006 πραγμάτων
2993 1940 3265 2010 παριστᾷν
3290 1943 3522 2005 εἰκόνας.
3554 1936 3779 1997 Ποιοῦσι

2233 2015 2498 2084 ποταμὸν,
2519 2017 2669 2086 παρὰ
2692 2015 2950 2086 ποταμῶν
2970 2015 3044 2087 μὴ
3063 2016 3427 2088 δανειζόμενοι
3452 2021 3662 2092 ῥεῖθρον
3681 2039 3695 2052 ·
3722 2015 3918 2077 ποιοῦ-

2239 2113 2321 2147 σιν
2342 2094 2646 2165 ἄνθρωπον,
2675 2095 2842 2174 μηδὲν
2870 2097 3019 2166 παρὰ
3037 2099 3134 2166 τῆς
3155 2099 3501 2170 ἀνθρωπίνης
3535 2104 3916 2174 ἐρανιζόμενοι

2233 2175 2470 2242 φύσεως.
2497 2175 2708 2246 Ὥσπερ
2729 2173 2821 2229 οὖν
2851 2178 2899 2228 οἱ
2927 2177 3204 2246 ζωγράφοι
3233 2179 3321 2231 διὰ
3347 2180 3456 2232 τῶν
3485 2173 3796 2252 χρωμάτων
3820 2184 3916 2236 καὶ

2229 2254 2518 2324 ἄνθρωπον
2548 2257 2642 2307 καὶ
2675 2256 2858 2324 πηγὴν
2907 2257 3000 2307 καὶ
3047 2257 3290 2326 ποταμὸν
3321 2257 3668 2326 ζωγραφοῦσι
3688 2301 3702 2324 ,
3740 2263 3915 2331 μηδὲν

2235 2333 2387 2403 παρά
2421 2333 2606 2402 πηγῆς
2638 2332 2671 2402 ἣ
2715 2333 2957 2402 ποταμοῦ
2986 2333 3018 2403 ἢ
3053 2334 3342 2404 ἀνθρώπου
3377 2337 3746 2406 λαμϐάνοντες
3769 2357 3785 2371 ³
3823 2341 3915 2393 τὸν

2237 2411 2400 2488 αὑτὸν
2427 2413 2629 2483 τρόπον
2660 2413 2751 2464 καὶ
2775 2412 2834 2464 16
2853 2410 3078 2481 Πνεῦμα
3103 2413 3165 2465 τὸ
3191 2414 3345 2482 ἅγιον
3376 2416 3434 2465 ἐν
3461 2418 3527 2486 τῇ
3552 2417 3818 2488 Παρθένῳ
3849 2421 3910 2472 οὐ

2237 2487 2540 2558 χρώμασιν,
2562 2490 2696 2541 άλλὰ
2721 2489 2880 2560 βουλῇ
2908 2490 3146 2560 ἔμψυχον
3173 2491 3575 2545 κατεσκεύασεν
3598 2487 3911 2564 ἄνθρωπον,

2239 2568 2390 2636 παρά
2422 2569 2520 2637 τῆς
2555 2568 2899 2638 ἀνθρωπίνης
2927 2569 3138 2637 φύσεως
3166 2570 3240 2639 μὴ
3265 2571 3652 2640 ἐρανισάμενος
3686 2576 3912 2644 σπέρμα

2239 2648 2318 2708 εἰς
2350 2646 2608 2700 σύστασιν
2639 2648 2731 2700 τοῦ
2762 2648 3150 2718 πλαττομένου.
3189 2651 3245 2702 ’0
3273 2651 3404 2714 Θεὸς
3433 2651 3562 2720 χοῦν
3594 2653 3772 2705 λαϐὼν
3805 2654 3911 2705 ἀπὸ

2239 2727 2338 2794 τῆς
2371 2727 2496 2795 γῆς,
2545 2728 2606 2778 οὑ
2658 2728 2844 2798 χερσὶν
2889 2727 3254 2800 ἀνθρωπίναις
3297 2731 3624 2796 (ἀσύνθετος
3671 2735 3781 2802 γάρ
3813 2734 3911 2801 τῆς

2243 2803 2493 2881 θεότητος
2524 2807 2556 2872 ή
2591 2807 2783 2873 φύσις)
2830 2806 2920 2858 τὸν
2959 2807 3128 2876 Ἀδάμ
3171 2809 3491 2876 ἐμόρφωσεν
3533 2812 3606 2873 ὼς
3638 2813 3909 2881 ἠθέλησε·

2239 2880 2299 2933 τὸ
2325 2881 2380 2933 δὲ
2398 2882 2630 2962 ⁸Πνεῦμα
2659 2884 2720 2935 τὸ
2752 2884 2904 2952 ἅγιον
2930 2885 2990 2937 οὑ
3020 2888 3147 2954 χοῦν
3183 2887 3392 2950 ἔλαϐεν,
3422 2889 3482 2940 οὑ
3514 2880 3725 2962 φυσικῷ
3754 2880 3910 2961 νόμῳ

2239 2960 2644 3031 καταϐληθῆναι
2677 2963 2898 3032 σπέρμα
2942 2965 3338 3036 συνεχώρησεν,
3414 2967 3550 3022 ἀλλὰ
3605 2960 3762 3038 μόνον
3811 2960 3910 3022 ἐπ-

2239 3038 2589 3119 έλαμψε,καὶ
2615 3041 2781 3093 ὀστέα
2807 3041 2994 3111 ἔπηξε,
3029 3049 3120 3096 καὶ
3145 3045 3308 3115 νεῦρα
3323 3045 3514 3112 ἔτεινε,
3544 3050 3634 3100 καὶ
3668 3053 3791 3119 ῥῖνα
3817 3054 3908 3103 καὶ

2239 3112 2375 3200 ὦτα,
2400 3118 2710 3200 ὀφθαλμούς
2732 3139 2790 3173 τε
2813 3124 2907 3174 καὶ
2926 3123 3168 3191 γλῶτταν
3196 3112 3381 3195 χεῖρας
3402 3129 3497 3179 καὶ
3519 3112 3706 3191 πόδας.
3728 3131 3908 3200 ψυχὴν

2243 3197 2336 3248 καὶ
2381 3195 2506 3248 νοῦν
2529 3197 2624 3248 καὶ
2658 3197 2917 3269 λογισμὸν
2957 3202 3052 3254 καὶ
3080 3201 3232 3270 λόγον
3273 3208 3658 3275 συνεστήσατο,
3693 3195 3906 3278 κάνμὴ

2243 3273 2537 3344 βούλωνται
2575 3276 2623 3327 οἰ
2657 3278 2948 3346 αἱρετικῶν
2982 3281 3187 3344 παῖδες.
3229 3283 3439 3352 Ὥσπερ
3471 3273 3577 3355 γάρ
3607 3287 3656 3336 οἰ
3685 3289 3742 3340 ἐν
3777 3273 3903 3339 κάτξ

2239 3355 2424 3436 όπτριρ
2449 3355 2814 3421 ἐγκύπτοντες
2842 3359 3028 3413 εἰκόνα
3056 3361 3509 3432 άντεγειρομένην
3538 3366 3717 3418 αὑτῶν
3739 3368 3900 3436 ὁρῶσι

2238 3435 2304 3503 τῇ
2340 3432 2459 3500 ὄψει
2483 3435 2546 3486 ἐκ
2568 3438 2665 3504 τῆς
2695 3436 2945 3506 ἀμόρφου
2978 3438 3128 3508 ὕλης,
3158 3441 3339 3492 εἰκόνα
3359 3443 3602 3508 γελῶσαν
3625 3432 3896 3511 πολλάκις,

2240 3511 2332 3563 καὶ
2368 3511 2686 3578 κλαίουσαν,
2728 3517 3050 3585 κινουμένην
3079 3535 3140 3569 τε
3173 3521 3268 3572 καὶ
3309 3520 3662 3590 πολυτρόπως
3708 3542 3895 3595 μετερ-

2240 3590 2642 3674 χομένηνκκαὶ
2695 3595 2813 3674 τῆςΔ
2845 3594 3025 3665 ζώσης
3054 3599 3266 3669 μορφῆς
3295 3601 3362 3652 τὰ
3405 3604 3658 3672 σχήματα
3705 3590 3892 3674 μιμου-

2242 3669 2440 3752 μένην·
2474 3667 2616 3752 οὑτω
2649 3671 2742 3752 καὶ
2769 3671 2831 3724 τὸ
2862 3675 3099 3752 ,Πνεῦμα
3125 3667 3186 3729 16
3216 3667 3369 3745 ἀγιον
3407 3667 3469 3732 ἐν
3494 3667 3731 3752 ⁷καθαρῷ
3768 3667 3890 3736 κατ⁹

2238 3747 2454 3830 όπτρῳ,
2466 3747 2542 3816 τῷ
2564 3749 2776 3819 ἀσπίλῳ
2807 3750 3018 3820 σώματι
3039 3755 3137 3824 τῆς
3155 3756 3430 3826 Παρθένου
3449 3747 3678 3830 ἔλαμψεν,
3698 3747 3890 3815 τέλειον

2238 3824 2665 3909 ἐδημιούργησεν
2703 3828 2988 3909 ἄνθρωπον
3027 3832 3087 3883 οὐ
3133 3824 3280 3902 νόμω
3315 3824 3563 3902 φύσεως,
3605 3824 3663 3890 οὑ
3705 3842 3884 3909 χρόνῳ,

2243 3904 2344 3987 οὑκ
2377 3906 2702 3987 ἀνθρωπίνῳ
2727 3908 3020 3978 σπέρματι,
3053 3909 3166 3962 ἀλλ’
3186 3911 3304 3981 ὕψει
3335 3914 3516 3983 μόνον,
3541 3904 3783 3987 νοεριξῖτε
3804 3904 3885 3970 καὶ

2239 3985 2370 4069 άγίᾳ
2397 3985 2622 4069 δυνάμει
2647 3991 2782 4069 πρός
2803 3989 2994 4052 ὠδῖνας
3015 3990 3115 4061 τὴν
3137 3992 3408 4063 Παρθένον
3433 3985 3700 4066 ἐκίνησεν,
3729 3999 3884 4069 ἀπορ-

2239 4065 2414 4145 ῥήτως
2451 4069 2508 4145 ἐν
2534 4067 2670 4136 αὑτῇ
2700 4068 2760 4145 τὸ
2799 4069 2997 4138 βρέφος
3027 4072 3254 4140 ὑφάνας,
3281 4075 3356 4137 ὡς
3392 4065 3623 4145 ἱμάτιον,
3670 4079 3761 4130 ἐπὶ
3790 4065 3880 4130 σω-

2233 4142 2398 4224 τηρίᾳ
2426 4143 2532 4196 τῶν
2566 4144 2886 4216 ἀνθρώπων.
2923 4147 3107 4201 Ταῦτα
3138 4151 3233 4220 μὲν
3257 4142 3453 4216 οὕτως·
3485 4157 3642 4224 ἡμεῖς
3671 4157 3727 4209 δὲ
3753 4156 3880 4224 ὑπὲρ

2236 4221 2342 4304 τῶν
2372 4225 2674 4304 εἰρημένων
2706 4225 2862 4290 δόξαν
2894 4226 2970 4296 τῷ
2997 4227 3062 4280 δι’
3096 4231 3242 4297 ἡμᾶς
3267 4221 3740 4304 ἐνανθρωῆσαντι
3770 4221 3876 4304 Θεῷ

2234 4302 2664 4384 ἀναπέμφωμεν,
2696 4305 2776 4357 ὅτι
2815 4306 2964 4376 αὐτῷ
3001 4308 3034 4376 ἡ
3068 4307 3194 4371 δόξα
3237 4313 3331 4363 καὶ
3374 4312 3451 4381 τῷ
3487 4302 3658 4383 Πατρὶ
3686 4315 3777 4366 καὶ
3808 4302 3878 4384 τῷ

2233 4381 2373 4453 ἁγίῳ
2394 4383 2694 4455 Πνεύματι,
2722 4387 2803 4450 είς
2823 4388 2948 4451 τοὺς
2981 4389 3182 4459 αίιῖρνας
3203 4391 3308 4444 τῶν
3337 4393 3567 4448 αἰώνων.
3594 4381 3780 4464 Ἀμήν.

570 5138 3760 5176 -—_—__.____._._____.______._______________________

1361 5260 1509 5333 [242]
1546 5264 1649 5328 Εἰς
1680 5262 1796 5331 τὴν
1821 5262 2153 5333 προδοσίαν
2181 5261 2288 5317 τοῦ
2318 5261 2608 5330 Σωτῆρος,
2633 5266 2731 5319 καί
2759 5268 2833 5322 τὰ
2857 5268 3022 5337 ἑξῆς.

538 5493 991 5588 α..λςιῑόουλόμην
1024 5493 1132 5574 εἰς-
1145 5493 1296 5557 τέλος
1338 5494 1588 5580 διανύσαι
1626 5497 1722 5551 τοῦ
1753 5500 2115 5588 ’σταυροῦλςεὰ
2217 5519 2362 5588 10;;
2376 5502 2472 5588 οὐχ
2500 5503 2851 5588 ὅσριηδύναται
2879 5505 3059 5588 δοῦναι
3091 5511 3120 5562 6
3157 5510 3350 5588 διδους,
3386 5514 3503 5588 ἀλλ’
3533 5516 3633 5570 ὅσα
3665 5523 3827 5588 χωρεῖ
3852 5522 3878 5574 δ

469 5566 948 5661 ξδ’ἱθέξῗῇἑλξὲἓτῗὺέ
961 5565 1484 5661 ἐίῖξιέιξιιηέιέξῖεέλξ
1518 5565 2116 5661 ῖξξιιιεγέιέέγιέςελλά
2217 5565 2524 5661 λαμδεῑινίιδν-
2553 5575 2764 5661 τα.σπερ
2791 5575 2900 5661 vdae
2925 5565 3878 5661 μήτηρτῷβρέεὲνίι’τῷ-.ὲέιῐα’ἕέἕέῥά

467 5635 746 5711 τάδυνατὰ
764 5636 874 5697 τοῖς
892 5635 1104 5711 πιστοῖς
1127 5635 1491 5711 ἐκτιθέμενος.
1517 5635 1630 5711 ρὺκ
1652 5635 1812 5711 ἀργεῖ
1834 5641 1942 5711 γὰρ
1964 5641 2119 5710 λόγος

469 5706 603 5782 πρὸς
638 5705 892 5782 ἐξήγησιν
923 5704 1031 5782 τῷν
1065 5703 1223 5782 θείων
1253 5703 1477 5782 λογίων,
1512 5705 1645 5782 ἀλλά
1668 5703 1998 5782 ’ἀνθρωπίνῃ
2027 5703 2122 5764 δυζ

469 5775 628 5840 νάμει
654 5773 928 5849 μετρεῖται
956 5773 1016 5825 16
1045 5773 1355 5849 Aayégeyov!
1371 5776 1584 5849 06x6;
1623 5773 1803 5849 αὐτῆς
1831 5781 1930 5849 τῆς
1963 5773 2122 5836 δὐνά-

475 5860 617 5913 μεως
643 5843 914 5915 ἀρκούσης
959 5842 1299 5910 καταλαϐεῖν,
1333 5842 1545 5908 ἀλλ’ὡς
1573 5847 1666 5900 τοῦ
1699 5842 1833 5903 Θεοῦ
1864 5842 2126 5924 πέαρέχον-

2221 5643 2475 5736 ξροξλέξένιι
2507 5643 3407 5736 29:1..FF‘:_.§35?31€7wider:
3457 5643 3662 5736 e910?
3677 5643 3875 5736 ερτδν-

2222 5714 2398 5766 ἐκεῖνο
2423 5712 2756 5796 δέ·δέξασθαι
2780 5715 2882 5796 ρκὺκ
2910 5717 3116 5796 ἰσχύει·
3145 5712 3325 5785 οῦτωξ
3336 5723 3458 5777 οὔτε
3489 5727 3607 5796 Θεῷ
3636 5712 3878 5782 ἀδύνατον

2225 5785 2526 5866 παρασχεῖν
2567 5785 2927 5866 ,τὴν-μείζονα
2955 5785 3143 5866 σοφίαν
3190 5795 3282 5866 καὶ
3327 5785 3734 5866 ὑπερκόσμιον,
3774 5800 3876 5851 ἀλλ¹

2227 5855 2384 5924 ἡμεῖς
2401 5854 2654 5920 δέξασθαι
2671 5854 3054 5926 ἀδυνατοῦμεν.
3073 5859 3273 5937 Θνητδν
3291 5863 3396 5934 γάρ
3413 5854 3689 5932 οἰκοῦντες
3710 5854 3872 5945 σῶμα,
