4082 6400
281 414 383 468 713

280 527 644 583 intemeratam
679 525 892 580 vulvam
917 521 1150 578 servavit
1176 531 1235 575 ut
1260 521 1420 575 Dens.
1451 522 1624 589 Opera
1654 523 1849 592 quippe

282 599 372 652 Dei
402 612 506 650 non
553 608 754 650 natura:
781 609 962 650 rerum
987 595 1248 656 serviunt,
1293 592 1384 645 sed
1436 593 1526 646 Dei
1562 593 1714 646 Verbi
1741 595 1853 663 jus-

275 684 395 722 sum
425 677 736 736 sequuntur.
764 665 1231 736 Aliquandorenim
1275 664 1410 716 Deus
1440 665 1730 736 secundum
1757 680 1852 717 na-

277 749 450 793 turam
477 735 642 801 creat,
677 747 733 790 ut
761 745 963 790 natura:
989 735 1229 789 ordinem
1259 749 1551 803 cognoscas
1574 751 1588 797 ;
1616 735 1854 804 aliquan-

276 811 347 866 do
367 818 543 864 autem
575 819 767 880 przrter
800 816 1043 880 naturam
1081 816 1248 880 creat,
1283 815 1338 856 ut.
1381 804 1557 880 discas
1581 807 1852 874 operantis

279 877 590 951 potentiam.
618 878 802 951 Neque
844 877 986 930 enim
1039 877 1216 951 omnia
1263 877 1554 929 secundum
1609 886 1850 951 naturam

280 947 435 1017 liunt,
452 967 517 1004 ne
535 947 724 1006 natura
749 949 886 1002 Deus
910 963 1029 1002 esse
1041 948 1244 1001 dicatur
1273 963 1284 998 :
1319 961 1492 1014 neque
1514 947 1690 998 omnia
1714 962 1849 1015 prae-

275 1032 360 1078 ter
399 1032 661 1086 naturam,
707 1036 773 1074 ne
811 1028 1063 1088 putentur
1093 1027 1299 1088 naturze
1335 1017 1705 1072 eoofusionem
1732 1032 1852 1072 esse

275 1110 359 1158 ea,
391 1109 510 1164 qua:
538 1104 730 1162 praeter
757 1087 997 1144 naturam
1028 1089 1193 1164 liunt?
1216 1087 1475 1141 Ell‘ormat
1499 1088 1637 1141 Deus
1661 1103 1851 1142 secun-

275 1161 425 1217 dumw
452 1161 725 1225 naturam,
769 1169 821 1213 et
865 1170 1010 1215 creat
1038 1161 1194 1213 etiam
1239 1167 1431 1228 praeter
1471 1167 1749 1223 naturam,
1795 1169 1854 1212 ttt

274 1234 449 1290 discas
481 1243 722 1289 naturam
743 1231 947 1285 ancillae
981 1247 1148 1296 more,
1183 1241 1234 1284 et
1280 1228 1571 1283 secundum
1606 1238 1846 1283 naturam

277 1307 501 1372 moveri,
533 1313 586 1361 et
618 1311 810 1374 praeter
841 1316 1080 1356 naturam
1121 1316 1359 1364 currere,
1390 1300 1484 1354 Dei
1519 1300 1724 1369 jussuin
1756 1301 1852 1353 im-

277 1378 529 1445 plentem.
942 1420 946 1424 .

348 1448 400 1500 5.
429 1449 520 1501 Dic
561 1461 688 1500 vero
719 1453 798 1511 tu,
824 1445 916 1515 qui
966 1440 1852 1515 quaestionem_‘moves,_quonnodo

273 1517 517 1572 Christus
548 1533 615 1572 ex
641 1511 950 1573 intemerata
985 1511 1154 1568 'vulva
1207 1512 1473 1582 prodiens,
1533 1511 1852 1581 virginitatis

277 1589 608 1658 signaculum
637 1603 740 1641 non
771 1586 986 1658 delevit,
1009 1586 1368 1658 quomodoex
1397 1583 1630 1658 virgineo
1647 1583 1853 1658 Adamo

275 1653 424 1729 virgo
449 1659 559 1713 Eva
586 1657 814 1728 prodiit?
843 1656 974 1710 Nam
1012 1653 1238 1729 Dei‘para
1288 1653 1448 1729 Maria
1475 1695 1489 1718 ,
1518 1668 1636 1729 quae
1680 1653 1849 1729 virum

276 1724 384 1784 non
412 1724 649 1794 noverat,
669 1731 838 1782 virum
869 1727 1106 1796 peperit;
1129 1728 1329 1795 primus
1357 1724 1516 1777 homo
1541 1725 1730 1786 Adam,
1761 1725 1849 1796 qui

276 1801 552 1855 mulierem
587 1816 691 1853 non
719 1795 957 1862 noverat,
987 1797 1260 1852 mulierem
1291 1797 1721 1866 germinavit.At
1749 1795 1852 1846 vir-

275 1873 452 1942 ginem
483 1873 717 1942 gignere,
751 1871 874 1924 licet
917 1883 1003 1923 res
1044 1865 1306 1938 stupenda
1329 1868 1416 1942 sit,
1448 1865 1643 1935 aliquid
1673 1875 1848 1942 tamen

278 1937 507 1996 rationis
519 1937 696 2006 habet,
727 1942 778 1995 in
807 1949 1060 2010 quantum
1083 1937 1287 2000 venter,
1311 1937 1570 2010 vulva,e_t
1598 1937 1852 1989 naturalis

278 2013 564 2067 infantibus
586 2015 669 2066 via
691 2013 800 2082 jam
823 2006 1104 2066 eﬂormata
1128 2019 1248 2082 est;
1276 2009 1366 2082 sed
1400 2009 1449 2060 in
1480 2006 1683 2075 .Adamo
1733 2017 1850 2060 stu-

317 2085 450 2138 enda
477 2085 654 2138 omnia
683 2080 826 2137 sunt.
883 2082 1010 2149 Quis
1057 2080 1195 2135 enim
1243 2080 1373 2132 vidit
1400 2093 1466 2132 ex
1495 2088 1642 2149 costa
1671 2087 1848 2130 natum

317 2101 450 2138 enua
477 2101 654 2138 omnia
683 2101 826 2137 sunt.
883 2101 1010 2149 gms
1057 2101 1195 2135 emm
1243 2101 1373 2132 VlUll
1400 2101 1466 2132 cx
1495 2101 1642 2131 costa
1671 2101 1848 2130 natum

278 2101 581 2209 hominem?
610 2155 944 2223 quandonam
973 2162 1118 2205 costa
1149 2149 1375 2223 fructum
1408 2148 1564 2202 tulit?
1591 2149 1848 2223 somnum

278 2225 496 2279 immisit
535 2218 674 2279 Deus
716 2224 942 2288 Adamo,
975 2239 1041 2276 ne
1066 2223 1131 2275 de
1160 2221 1366 2275 sublata
1418 2229 1566 2273 costa
1620 2218 1847 2284 deleret,

277 2311 462 2350 verum
487 2297 600 2364 ejus
629 2295 838 2348 vincula
884 2293 1180 2360 consopivit
1212 2309 1224 2345 :
1257 2291 1465 2364 vincula
1491 2291 1691 2364 quippe
1727 2303 1852 2364 sunt

276 2377 477 2420 natur:e
499 2359 711 2429 (nervi.
742 2366 906 2432 Cujus
935 2365 1010 2417 rei
1038 2359 1186 2417 testis
1213 2371 1295 2414 est
1325 2361 1507 2417 Daniel
1534 2360 1716 2414 dicens
1742 2378 1754 2411 :
1784 2359 1850 2412 Et

274 2439 375 2514 ψάὶ
391 2437 626 2514 visionem
652 2445 696 2488 et
717 2437 892 2514 cecidi,
912 2445 956 2488 et
983 2433 1180 2514 vincula
1208 2434 1490 2514 Iguinorum
1520 2448 1742 2514 ineorum
1769 2447 1850 2484 so-

276 2509 382 2560 luta
403 2503 525 2560 'sunt
547 2510 564 2577 (
587 2507 717 2560 Dan.
745 2508 832 2561 10.
856 2505 912 2561 9.
945 2517 988 2558 et
1013 2506 1064 2559 5.
1097 2505 1188 2574 6).
1218 2504 1430 2577 Costam
1460 2517 1587 2572 ergo
1612 2503 1726 2571 lege
1752 2517 1848 2577 na-

276 2587 408 2632 tura:
439 2573 697 2631 firmatam
719 2620 732 2642 ,
762 2593 1047 2633 nervorum
1079 2573 1303 2629 vinculis
1331 2589 1647 2638 connexam,
1671 2573 1842 2626 carni-

274 2649 374 2703 bus
398 2659 719 2711 contextam,
743 2648 892 2702 venis
921 2648 1280 2716 conjunctam,
1304 2645 1570 2715 quomodo
1598 2642 1848 2716 abstulit?

273 2722 540 2789 quomodo
565 2719 794 2773 avulsit?
823 2714 1090 2789 quomodo
1135 2714 1340 2789 sublata
1378 2725 1537 2789 costa
1555 2714 1722 2768 Adam
1767 2717 1848 2789 in-

273 2785 495 2843 columis
546 2792 772 2844 mansit?
820 2788 1136 2857 Qu0inodo?
1185 2787 1284 2853 Qui
1329 2787 1487 2839 solvit
1527 2787 1639 2854 ipse
1669 2785 1844 2847 novit;

273 2863 362 2930 qui
389 2863 543 2916 solvit
561 2862 672 2928 ipse
692 2862 974 2930 colligam.
1001 2860 1210 2913 Etenim
1232 2859 1277 2913 si
1299 2857 1689 2930 aliusligasset,
1715 2857 1850 2930 alius

273 2927 537 2997 solvisset,
563 2927 685 2987 hinc
707 2927 928 3001 quaestio
949 2931 1178 2984 oriretur
1201 2947 1215 2983 :
1239 2927 1332 2982 sed
1361 2931 1405 2981 si
1435 2927 1499 2990 is,
1523 2928 1609 2996 qui
1631 2928 1848 3001 concin-

274 2996 654 3071 naverat,ipse
709 2996 900 3067 solvit;
929 3004 972 3055 si
1005 3003 1068 3064 is,
1095 3002 1185 3070 qui
1212 3009 1415 3071 costam
1459 3013 1527 3071 ex_
1571 3008 1711 3052 terra
1738 2996 1848 3071 fotu

273 3084 527 3137 maverat,
562 3067 776 3128 'costam
807 3073 1023 3128 abstulit
1055 3090 1069 3128 :
1099 3067 1210 3140 ipse
1239 3070 1386 3125 solus
1411 3067 1556 3122 novit
1582 3068 1850 3140 quomodo

271 3144 506 3208 solverit,
526 3144 614 3214 qui
636 3143 782 3198 solus
801 3145 944 3214 novit
961 3139 1227 3212 quomOdo
1250 3141 1610 3214 membrorum
1639 3139 1848 3214 harmo-

271 3215 412 3268 niam
441 3211 818 3284 coniposuerit.
856 3213 921 3270 Ut
948 3211 1075 3283 ergo
1103 3226 1219 3284 post
1247 3213 1737 3284 sublatamcostam
1769 3211 1851 3262 in-

269 3286 494 3340 columis
518 3282 710 3340 mansit
737 3286 924 3348 Adam,
954 3282 1031 3338 sic
1059 3292 1177 3354 post
1202 3283 1411 3336 infamis
1433 3282 1642 3354 exitum
1670 3282 1847 3333 incor-

269 3369 425 3428 rupta
447 3359 636 3410 mansit
665 3357 838 3428 Virgo.
861 3355 1041 3428 Neque
1060 3352 1200 3428 etiiin
1225 3359 1344 3422 post
1364 3352 1624 3406 sublatam
1643 3359 1847 3405 costam

270 3425 546 3481 harmonia
565 3426 922 3481 membrorum
943 3426 1129 3480 Adami
1152 3425 1276 3478 laesa
1299 3432 1400 3489 est,
1426 3438 1600 3491 neque
1621 3432 1850 3477 exeunte

273 3497 472 3553 infante
500 3498 815 3568 virginitatis
843 3497 1171 3566 signaculum
1198 3503 1510 3568 temeratuin
1533 3502 1634 3568 est.
1653 3491 1849 3568 Quem-

271 3569 555 3622 admodum
583 3563 739 3622 venint
767 3563 912 3636 apud
936 3583 1032 3620 nos
1061 3568 1105 3620 si
1153 3565 1527 3636 quisalienum
1572 3563 1846 3636 vinculum

273 3639 482 3694 solvere
514 3639 672 3704 velit,
703 3634 872 3706 ipsum
917 3639 1141 3690 destruit
1165 3646 1219 3690 et
1247 3634 1605 3706 abscinditob
1631 3635 1846 3706 111111511-

274 3710 434 3774 tiam;
463 3711 551 3780 qui
578 3726 704 3764 vero
726 3705 924 3778 ligavit,
954 3707 1070 3762 sine
1097 3708 1278 3780 labore
1305 3705 1491 3780 solvit;
1517 3705 1846 3780 harmoniam

271 3775 786 3850 quippe—ligaminis‘
802 3781 945 3833 novit
973 3797 986 3832 :
1016 3781 1092 3850 sic
1113 3778 1264 3850 Deus
1297 3777 1384 3845 qui
1411 3789 1604 3844 corpus
1635 3775 1850 3850 concin-

272 3845 451 3916 navit,
483 3845 800 3904 constrinxit
836 3860 888 3903 et
929 3848 1170 3918 perfecit,
1211 3859 1265 3901 et
1309 3861 1592 3901 nervorum
1640 3845 1848 3899 vincula

273 3930 514 3984 noverat,
540 3931 592 3975 et
617 3921 880 3989 quomodo
906 3929 1108 3974 costam
1137 3936 1254 3973 cum
1277 3929 1420 3972 costa
1447 3918 1767 3989 copulasset,
1795 3927 1849 3969 et

271 3993 547 4045 articulum
579 3987 957 4045 et’membruin
985 4032 999 4054 ,
1027 3999 1082 4044 et
1128 4005 1192 4043 ex
1230 3989 1294 4042 iis
1340 4004 1456 4056 qua:
1507 3987 1851 4055 colligaverat

272 4064 401 4115 scite
427 4075 481 4116 et
508 4064 776 4130 sapienter
818 4071 1018 4115 costam
1068 4061 1301 4120 abstulit,
1333 4073 1430 4112 nec
1460 4058 1720 4130 Adanluin
1752 4057 1851 4130 im-

273 4133 505 4186 minuit.‘
529 4127 774 4200 Seipsum
804 4133 1100 4186 elformavit
1155 4130 1454 4199 nnigenitus
1483 4127 1768 4200 DeiiFilius
1797 4129 1848 4180 in

276 4202 509 4272 Virgine,
542 4198 714 4271 neque
739 4203 1069 4256 ell'ormando
1089 4198 1442 4272 virginitatem
1469 4198 1644 4261 solvit,
1679 4213 1850 4267 neque

276 4270 597 4339 per—vulvam
630 4270 811 4327 exiens
842 4275 1052 4327 vulvam
1093 4273 1351 4338 corrupit.
1385 4270 1476 4324 Dic
1500 4284 1664 4338 ergo,
1699 4283 1730 4322 ο
1757 4285 1848 4320 so-

275 4346 446 4411 phista
477 4357 532 4399 et
561 4347 786 4405 erudite,
813 4345 948 4409 Quid
981 4341 1188 4396 facilius
1226 4352 1328 4401 est,
1353 4341 1606 4410 virginem
1640 4354 1845 4411 parere,

271 4409 326 4467 et
347 4423 467 4484 post
487 4427 694 4484 partum
724 4415 976 4482 virginem
999 4427 1233 4478 manere,
1264 4422 1355 4465 aut
1373 4409 1664 4484 virgamad
1687 4409 1848 4484 vitam

275 4480 553 4552 vocari,-et
580 4503 644 4540 ex
674 4480 892 4540 animali
917 4500 1127 4539 rursum
1158 4485 1356 4552 virgam
1387 4482 1540 4536 fieri?
1568 4480 1848 4549 Quomodo

384 4632 589 4639 __.__..._-
599 4630 828 4638 __.._____
863 4630 942 4636 __
953 4629 1119 4636 .-___.

289 4626 1452 4679 H—w

1286 408 1348 462 lN
1389 407 1860 464 PRODITIONEM
1901 408 2362 476 SERVATORIS,
2404 410 2557 466 ETC.

3450 416 3552 471 7H

1961 525 2102 597 virga
2130 525 2328 596 Moysis
2361 525 2413 580 in
2437 527 2721 580 draconem
2741 528 2943 579 mutata
2975 525 3108 580 fuit?
3134 527 3403 597 quomodo
3434 528 3551 583 ina-

1959 596 2216 650 nimatum
2255 597 2487 650 animam
2513 597 2755 664 accepit?
2780 598 3050 665 quomodo
3075 596 3167 651 res
3184 599 3469 652 immobilis
3496 601 3548 655 iis

1961 678 2101 721 terra
2124 669 2328 736 repsit?
2349 668 2618 738 quomodo
2641 683 2848 721 rursum
2871 682 2934 720 ex
2963 679 3211 739 serpente
3236 675 3380 739 virga
3413 669 3548 723 facta

1959 747 2222 807 est,qua3
2261 754 2408 792 suam
2457 739 2670 807 agnovit
2714 738 2992 809 naturam?
3037 739 3191 809 Modo
3236 738 3463 809 namque
3482 756 3550 795 ex

1960 809 2102 880 virga
2125 809 2309 880 draco,
2330 809 2488 861 modo
2504 825 2565 862 ex
2585 809 2814 863 dracone
2833 808 2973 876 virga
2998 808 3185 864 eﬂ'ecta
3214 821 3313 865 est.
3337 808 3403 865 Ut
3423 827 3551 880 ergo

1961 879 2103 950 virga
2122 879 2336 950 Moysis,
2357 899 2388 929 o
2414 880 2591 943 homo,
2611 880 2901 950 secundum
2922 888 3162 933 naturam
3183 882 3349 950 virga,
3368 879 3551 936 secun-

1961 949 2087 1002 dum
2108 949 2461 1004 chnoiniam
2501 950 2664 1003 draco
2702 949 2831 1002 fuit:
2856 951 2932 1002 sic
2966 960 3019 1003 et
3062 951 3222 1003 Maria
3250 949 3542 1006 secundum

1962 1029 2200 1090 naturam
2226 1021 2395 1090 virgo,
2416 1021 2704 1074 secundum
2722 1021 3074 1074 meonemiani
3094 1031 3263 1075 mater
3287 1023 3419 1076 facta
3441 1034 3546 1087 est,

1962 1097 2022 1143 ut
2041 1089 2413 1146 Chaldazorum
2434 1092 2570 1159 magi
2593 1091 2890 1154 crederent,
2913 1091 3381 1157 quemadmodum,
3402 1102 3458 1146 ut
3483 1097 3551 1146 11-

1961 1170 2134 1215 meret
2158 1162 2438 1232 Egyptus,
2467 1164 2613 1230 virga
2642 1162 2693 1214 in
2722 1162 3008 1214 draconem
3035 1172 3234 1217 mutata
3262 1175 3363 1217 est.
3387 1167 3462 1216 An
3494 1174 3548 1217 tu

1960 1232 2098 1286 nolis
2121 1232 2388 1301 Virginem
2410 1248 2666 1302 apparere
2687 1232 2752 1285 ad
2773 1233 2950 1284 mundi
2976 1234 3240 1286 salutem?
3281 1234 3472 1303 Utique
3493 1237 3544 1288 in

1960 1312 2114 1372 terra:
2163 1304 2393 1358 motibus
2441 1303 2578 1357 inuri
2626 1303 2941 1356 scinduntur
2965 1309 3020 1354 et
3047 1303 3436 1372 conjunguntur
3455 1345 3467 1368 ,
3494 1317 3546 1360 et

1961 1371 2174 1429 Christo
2205 1384 2454 1430 nascente
2481 1389 2584 1427 non
2615 1374 2884 1443 aperietur
2910 1375 3083 1434 vulva,
3114 1371 3169 1429 et
3190 1371 3372 1429 rursus
3393 1376 3512 1428 clau
3533 1407 3544 1415 -

1959 1443 2156 1500 detur?
2184 1446 2243 1501 In
2269 1455 2422 1500 terra:
2443 1446 2674 1498 motibus
2695 1446 2766 1496 ita
2793 1443 3107 1497 scinduntur
3133 1446 3290 1509 muri,
3321 1455 3376 1500 nt
3402 1463 3545 1499 mor-

1961 1515 2028 1568 tis
2049 1517 2344 1584 periculum
2374 1515 2639 1579 inferant;
2672 1524 2727 1569 et
2757 1515 2826 1568 ita
2853 1514 3029 1568 denuo
3054 1517 3366 1586 junguntur.
3400 1529 3452 1570 ut
3479 1535 3546 1571 ne

1958 1587 2238 1655 vestigium
2271 1587 2483 1656 quidem
2512 1586 2782 1640 scissionis
2821 1597 3030 1639 maneat
3059 1603 3074 1640 ι
3099 1597 3156 1640 et
3190 1590 3238 1639 in
3269 1598 3420 1655 partu
3454 1589 3545 1643 illo

1959 1657 2266 1725 incorrupto
2288 1658 2456 1712 nolles
2476 1658 2685 1711 vulvam
2713 1658 2852 1710 illam
2871 1656 3000 1709 solvi
3024 1658 3076 1709 in
3101 1657 3354 1711 honorem
3375 1659 3544 1712 infan-

1962 1729 2049 1792 tis,
2079 1741 2131 1782 et
2155 1729 2331 1783 denuo
2355 1728 2501 1798 jungi
2531 1738 2584 1781 et
2612 1729 2869 1796 copulari,
2889 1742 2952 1780 ac
2981 1727 3295 1798 virginitatis
3319 1729 3540 1783 formam

1958 1800 2197 1868 recipere
2252 1814 2348 1869 per
2393 1797 2642 1852 virtutem
2696 1799 3007 1866 aperantis?
3036 1797 3145 1852 Nec
3195 1798 3321 1852 mihi
3371 1800 3537 1864 dicas,

1959 1869 2114 1924 Unde
2143 1869 2378 1924 substitit
2404 1884 2530 1923 caro
2557 1877 2610 1922 et
2646 1869 2860 1938 sanguis
2892 1884 2996 1921 non
3029 1869 3266 1938 subjecto
3293 1871 3541 1926 semine?

1957 1940 2089 1994 Nam
2121 1956 2184 1995 ex
2214 1941 2298 2005 iis,
2324 1956 2442 2009 quae
2473 1939 2610 2008 apud
2656 1955 2753 1994 nos
2798 1940 2949 2000 liunt,
2986 1953 3265 2007 possumus
3293 1941 3365 2004 id,
3395 1943 3539 2009 quod

1958 2025 2115 2080 supra
2143 2026 2241 2065 nos
2270 2021 2372 2076 est,
2404 2010 2666 2064 ediscere.
2693 2012 2756 2063 Et
2783 2024 2950 2063 eVoca
2982 2009 3109 2063 mihi
3138 2014 3202 2062 ad
3233 2013 3538 2079 exemplum

1959 2084 2209 2149 pictores,
2263 2083 2351 2152 qui
2406 2096 2548 2148 saepe
2598 2081 2827 2149 plantas,
2859 2080 3101 2152 arbores,
3149 2091 3318 2148 prata,
3348 2084 3539 2136 lluvios

1957 2151 2378 2223 depingunt;’et
2423 2167 2544 2205 cum
2594 2160 2834 2205 naturam
2891 2151 2991 2204 sibi
3039 2152 3384 2220 Opitnlantem
3434 2171 3537 2208 non

1959 2224 2172 2288 habent,
2193 2233 2306 2278 arte
2329 2233 2590 2277 conantur
2632 2237 2724 2290 per
2760 2223 2997 2276 colorum
3036 2225 3319 2276 mixtiones
3361 2241 3538 2278 rerum

1956 2295 2212 2365 imagines
2258 2295 2470 2349 ollerre.
2499 2294 2740 2348 Fluvitnn
2787 2294 2928 2365 enim
2960 2303 3364 2365 reprarsentant,
3408 2295 3540 2351 nihil

1955 2381 1982 2417 a
2024 2364 2298 2420 fluminum
2340 2367 2496 2420 alveo
2553 2365 2770 2418 mutuati
2805 2381 2817 2416 :
2851 2364 3119 2418 hominem
3172 2364 3402 2427 faciunt,
3446 2382 3541 2418 na-

1955 2447 2072 2492 tura
2102 2439 2330 2491 humaua
2361 2437 2488 2489 nihil
2520 2435 2622 2489 sibi
2652 2435 3044 2488 commodante.
3077 2435 3536 2498 Quemadmodum

1955 2523 2081 2578 ergo
2105 2509 2333 2576 pictores
2357 2507 2592 2578 colorum
2627 2521 2726 2572 ope
2757 2505 3046 2578 hominum,
3069 2504 3288 2578 fontem,
3315 2505 3536 2561 fluvium

1953 2576 2264 2650 depingunt,
2297 2595 2414 2650 eum
2450 2577 2578 2630 nihil
2609 2594 2634 2626 a
2667 2579 2829 2638 fonte,
2855 2576 3122 2650 fluvio‘vel
3153 2577 3363 2631 homine
3383 2593 3539 2650 accc-

1958 2646 2169 2716 perint:
2199 2651 2275 2703 sic
2299 2663 2350 2703 et
2383 2649 2612 2718 Spiritus
2642 2657 2856 2700 sanctus
2885 2649 2934 2699 in
2963 2646 3184 2718 Virgine
3215 2663 3319 2718 non
3343 2649 3541 2704 colori-

1954 2723 2070 2777 bus.
2101 2721 2192 2775 sed
2250 2717 2528 2774 voluntate
2581 2718 2866 2770 animatum
2916 2717 3212 2770 elformavit
3238 2717 3532 2786 hominem,

1953 2793 2267 2860 nullumque
2297 2800 2564 2844 mutuatus
2589 2797 2672 2842 cst
2695 2789 2762 2840 ab
2791 2787 3018 2840 humana
3047 2799 3233 2841 natura
3261 2804 3441 2860 semen
3469 2792 3535 2844 ad

1954 2865 2092 2917 alius
2115 2859 2572 2916 constitutionem.
2625 2861 2764 2912 Deus
2790 2869 3011 2926 accepto
3038 2860 3255 2926 pulvere
3284 2859 3350 2912 de
3391 2869 3532 2914 terra

1954 2949 2061 2988 non
2085 2934 2329 2987 humanis
2357 2932 2601 2985 manibus
2629 2933 2644 2997 (
2674 2931 3023 2997 incomposita
3049 2930 3244 2998 quippe
3269 2939 3351 2983 est
3369 2931 3536 2984 deita-

1955 3005 2021 3057 tis
2052 3003 2280 3074 natura)
2309 3002 2566 3056 Adamum
2619 3011 2676 3054 ut
2715 3001 2883 3052 voluit
2937 3000 3234 3074 efl'ormavit
3268 3018 3280 3054 :
3309 3002 3537 3074 Spiritus

1955 3090 2083 3128 vero
2108 3070 2324 3130 sanctus
2347 3091 2450 3127 non
2483 3074 2754 3141 pulverem
2782 3074 3137 3143 acccpit,_non
3167 3070 3396 3126 humana
3419 3073 3539 3143 lege

1955 3159 2136 3200 semen
2167 3145 2309 3214 injici
2339 3145 2625 3208 concessit,
2652 3144 2744 3196 sed
2787 3145 2959 3194 solum
3007 3141 3199 3208 illuxit,
3232 3157 3352 3214 ossa
3383 3141 3535 3198 com-

1954 3216 2121 3286 pegit,
2141 3213 2332 3270 nervos
2368 3214 2620 3277 tetendit,
2646 3229 2830 3278 nares,
2851 3218 3028 3279 aures,
3053 3217 3256 3286 oculos,
3283 3213 3532 3282 linguam,

1954 3284 2162 3350 ina'nus,
2189 3287 2381 3356 pedes,
2414 3286 2644 3339 animam
2669 3294 2949 3356 ,mentem
2970 3325 2982 3348 ,
3016 3284 3414 3356 cogitationem,
3443 3301 3535 3356 ra-

1954 3359 2152 3412 tionem
2182 3355 2492 3420 Constituit;
2523 3357 2623 3409 etsi
2657 3355 2706 3408 id
2741 3356 2973 3407 haaretici
3005 3355 3222 3406 minime
3255 3356 3438 3409 velint.
3467 3355 3537 3411 Ut

1953 3429 2094 3483 enim
2139 3429 2192 3493 ii,
2239 3429 2329 3497 qui
2383 3429 2432 3481 in
2479 3427 2694 3494 Speculo
2744 3427 3068 3497 resiiiciunt,
3126 3425 3404 3493 imaginem
3454 3429 3536 3480 sui

1954 3495 2443 3569 oppOsitam’oculis
2471 3499 2670 3569 vident,
2701 3511 2764 3550 ex
2793 3495 3003 3569 informi
3034 3497 3251 3548 materia
3275 3506 3532 3563 paratam,

1954 3565 2236 3641 imaginem
2286 3583 2429 3636 saepe
2472 3568 2764 3641 ridentem,
2794 3565 3033 3641 flentem,
3063 3580 3407 3641 commetam,
3446 3583 3539 3620 va-

1955 3637 2408 3694 rios'subeuntem
2459 3637 2666 3698 modos,
2699 3651 2762 3690 ac
2811 3637 3043 3691 viventis
3092 3637 3276 3690 forma:
3324 3638 3537 3692 habitus

1956 3712 2249 3764 imitantem
2285 3727 2298 3762 :
2330 3710 2407 3763 sic
2436 3719 2492 3762 et
2533 3709 2763 3777 Spiritus
2792 3718 3008 3760 sanctus
3048 3708 3098 3760 in
3131 3722 3264 3776 puro
3293 3709 3534 3776 speculo,

1957 3780 2297 3834 immaculato
2347 3795 2540 3847 nempe
2598 3777 2830 3847 Virginis
2881 3792 3107 3846 corpore
3162 3780 3351 3840 illuxit,
3414 3795 3537 3847 per-

1956 3853 2254 3920 fectumque
2296 3852 2497 3904 creavit
2539 3850 2828 3910 imminent,
2871 3864 2976 3900 non
3011 3850 3135 3920 lege,
3170 3858 3402 3913 naturze,
3430 3867 3533 3903 non

1963 3919 2222 3991 tempore,
2254 3936 2356 3974 non
2387 3921 2620 3974 humano
2643 3919 2846 3973 semine
2873 3934 3015 3991 usus,
3047 3919 3140 3991 sed
3163 3921 3278 3972 solo
3299 3931 3537 3987 aspectu,

1955 4007 2015 4047 ac
2044 3988 2300 4062 spirituali
2352 4001 2640 4060 sanctaqtte
2680 3991 2894 4062 virtute.
2926 3988 3196 4062 Virginem
3229 3991 3295 4044 ad
3325 4002 3533 4058 partum

1958 4059 2145 4127 movit,
2189 4059 2736 4132 ineffabilique’modo
2768 4059 3025 4113 infantem
3059 4061 3110 4112 in
3145 4061 3228 4112 illa
3261 4067 3536 4116 contemnit

1963 4145 2018 4188 ut
2049 4135 2426 4188 vestimentum
2457 4174 2471 4195 ,
2500 4133 2564 4186 ad
2593 4133 2816 4185 salutem
2851 4132 3144 4184 hominum.
3180 4132 3302 4184 llaec
3328 4132 3543 4199 quidem

1957 4205 2027 4258 ita
2073 4221 2132 4258 se
2179 4205 2399 4259 habent.
2457 4204 2562 4256 Nos
2592 4214 2769 4256 autem
2814 4217 2908 4270 pro
2964 4202 3068 4254 illis
3113 4218 3230 4270 qme
3287 4200 3540 4268 diximus,

1954 4276 2176 4344 gloriam
2208 4276 2317 4330 Deo
2342 4315 2356 4340 ,
2387 4274 2473 4343 qui
2509 4287 2724 4342 propter
2751 4288 2849 4325 nos
2881 4273 3040 4344 homo
3071 4272 3241 4326 factus
3267 4280 3370 4336 est,
3397 4272 3535 4325 refe-

1957 4343 2135 4400 ramus
2161 4363 2174 4400 :
2198 4348 2322 4414 quia
2370 4345 2468 4412 ipsi
2512 4346 2701 4413 gloria,
2730 4358 2938 4398 necnon
2973 4343 3112 4396 Patri
3134 4353 3186 4397 et
3213 4353 3397 4396 sancto
3425 4344 3548 4410 Spi-,

1957 4418 2076 4471 ritui
2098 4459 2112 4480 ,
2146 4417 2194 4471 in
2223 4419 2419 4470 saecula
2447 4415 2784 4470 smculorum.
2815 4419 3006 4468 Amen.

2567 4623 2608 4626 η
2677 4621 2961 4626 ..-___-_.__
3051 4622 3094 4626 __
3155 4621 3330 4627 ,-

1359 4948 1465 5011 AD
1495 4947 1906 5008 HOMILIAM
1950 4947 2450 5021 SEQUENTEM.

339 5101 455 5155 Non
494 5108 575 5154 est
615 5099 755 5170 quod
801 5099 988 5153 lectori
1033 5099 1339 5170 probemus,
1387 5103 1459 5170 _et
1525 5089 1853 5160 argumentis

269 5164 717 5232 demonstremus,
746 5169 880 5223 hanc
903 5164 1173 5222 homiliam
1216 5164 1434 5235 perinde
1463 5172 1622 5231 atque
1649 5176 1853 5228 prame-

270 5245 458 5297 dentes
486 5255 761 5294 sermones
791 5239 1181 5308 supposititiam
1217 5234 1372 5308 esse.
1419 5234 1534 5308 Ipsa
1569 5247 1770 5308 resper
1796 5245 1857 5308 se

267 5316 483 5368 clamat.
508 5311 728 5367 Ubinam
746 5303 1161 5382 Chrysostomus
1181 5309 1248 5360 ita
1275 5305 1515 5367 balbutit,
1536 5315 1591 5357 ut
1614 5303 1700 5356 hic
1719 5303 1856 5372 quis-

1959 5091 2080 5160 quis
2111 5090 2320 5145 tandem
2349 5091 2418 5162 sit
2451 5089 2765 5146 Grzeculus?
2812 5094 2966 5160 cujus
3008 5096 3320 5162 opusculum
3354 5111 3460 5150 non
3493 5100 3543 5150 in

1961 5163 2230 5286 tigiijliCUID
2262 5161 2646 5226 emisissenms,
2678 5163 2780 5216 nisi
2810 5161 3166 5234 Saviliusjam
3217 5167 3355 5220 inter
3383 5169 3537 5222 dubia

1963 5250 1992 5286 e
2036 5251 2046 5286 l
2091 5244 2235 5286 isset.

1963 5250 2235 5287 ealUlSSCI.

974 5538 1037 5581 1N
1083 5533 1517 5580 PBODITIONEM
1562 5529 1846 5576 SEBVATO

1957 5555 1972 5582 ,
2021 5529 2099 5570 ET
2143 5529 2206 5571 ΙΝ
2243 5529 2564 5571 ιΟΤΙΟΧΕΜ
2607 5531 2849 5574 PEDUM.

1717 5673 1973 5694 ...Φ-.-

344 5778 394 5831 1.
427 5777 630 5830 Vellem
669 5775 842 5830 crucis
866 5774 1258 5844 speculationes
1289 5773 1340 5826 in
1366 5771 1526 5826 linem
1557 5770 1843 5844 deduci-re,

271 5865 378 5904 non
403 5847 552 5917 quasi
575 5862 734 5901 sensa
762 5841 1096 5917 assequutus,
1129 5845 1222 5899 sed
1251 5853 1309 5898 ut
1337 5859 1398 5897 ea
1423 5858 1518 5912 pro
1545 5843 1678 5917 virili
1694 5841 1843 5917 fide-

279 5911 726 5984 libus-exponam.
767 5911 1070 5970 Non—deest
1097 5918 1292 5986 quippe
1336 5929 1514 5967 sermo
1554 5912 1620 5966 ad
1675 5911 1854 5966 divina

1960 5769 2174 5840 eloquia
2207 5769 2558 5838 explicanda;
2594 5784 2780 5824 verum
2817 5768 2959 5822 dicta
2990 5769 3532 5840 comnietirigoporti-t

1959 5838 2083 5893 cuni
2117 5842 2348 5893 humana
2384 5840 2661 5904 facultate,
2701 5856 2805 5894 non
2847 5839 3004 5910 quasi
3045 5840 3159 5908 ipsa
3195 5838 3430 5893 sufficiat
3465 5843 3528 5893 ad

1959 5913 2541 5982 comprehensionem,
2590 5912 2681 5966 sed
2726 5913 2881 5981 quasi
2917 5910 3026 5966 Deo
3069 5911 3376 5980 praebente;
3424 5927 3531 5965 non
