4082 6400
592 397 697 455 715

594 524 788 586 quanta
817 513 945 569 dare
970 522 1144 582 potest
1169 513 1333 586 ianui
1362 515 1470 576 dat,
1524 514 1617 570 sed
1646 524 1841 585 quanta
1873 522 2047 585 potest
2072 529 2164 586 ea-

594 584 723 656 pere
754 588 798 639 is
823 586 911 652 qtti
952 587 1161 651 accipit.
1203 584 1675 651 Quemadmodum
1705 588 1847 640 enim
1889 597 2056 639 mater
2095 585 2171 656 las

592 655 753 711 etcnti
797 657 1014 725 puerulo
1049 670 1237 724 panem
1298 665 1468 724 potest
1510 657 1725 724 quidem
1769 658 2028 724 praebere,
2074 655 2169 709 sed

594 729 770 782 infans
798 727 891 779 illo
918 728 991 779 ttti
1010 727 1222 794 nequit:
1250 727 1317 778 ita
1348 741 1445 780 nec
1462 727 1570 779 Deo
1593 728 1917 793 impossibile
1934 739 2015 780 est
2034 741 2171 794 pra:-

596 799 721 855 berc
748 797 1060 866 sapientiam
1084 797 1338 865 majorem
1370 806 1423 850 et
1444 797 2042 864 supernaturaletn;sed
2073 810 2171 849 nos

591 883 782 938 capere
816 884 917 921 non
960 869 1217 923 valemus.
1249 866 1378 921 Cum
1429 869 1567 920 enim
1605 872 1655 922 in
1710 869 1915 921 mortali
1944 882 2170 936 corpore

593 940 906 1003 liahitemus,
938 938 1294 1006 cognitionem
1319 939 1525 991 mortali
1559 951 1759 992 natura:
1788 948 2169 1007 congruentem

591 1010 899 1077 accipimus.
929 1008 1071 1063 Nihil
1098 1024 1225 1076 ergo
1252 1010 1404 1063 nobis
1437 1010 1571 1063 Deus
1600 1011 1847 1078 loquutus
1871 1021 1951 1063 est
1976 1025 2168 1062 secun-

590 1081 714 1132 dum
755 1079 1132 1147 perfectionem
1176 1080 1275 1132 sibi
1328 1089 1745 1145 competentem,
1788 1080 1880 1134 sed
1932 1080 2072 1133 dicta
2101 1078 2168 1132 ad

591 1164 892 1203 mensuram
917 1149 1235 1203 infirmitatis
1273 1162 1467 1203 nostra:
1492 1152 1823 1218 temperavit.
1866 1151 1985 1205 ltleo
2025 1151 2170 1202 dice-

592 1221 681 1274 bat
703 1220 955 1275 Servator
982 1238 992 1270 z
1023 1220 1189 1272 Multa
1205 1220 1360 1272 habeo
1382 1221 1567 1284 dicere,
1591 1222 1679 1275 sed
1698 1239 1796 1275 non
1824 1222 2023 1289 potestis
2047 1237 2171 1290 por-

592 1304 698 1343 tare
728 1291 875 1344 modo
902 1290 1086 1356 (Joan.
1120 1291 1204 1344 16.
1240 1290 1372 1360 12);
1406 1302 1457 1344 ct
1485 1293 1607 1345 alibi
1646 1293 1772 1347 dicit
1798 1292 2048 1346 Serv:itor
2074 1291 2169 1345 Ni-

588 1363 812 1414 codento
833 1380 844 1414 :
877 1361 937 1415 Si
955 1371 1150 1413 terrena
1167 1362 1273 1413 dixi
1291 1363 1445 1425 vobis,
1470 1374 1515 1415 et
1533 1380 1631 1415 non
1658 1365 1875 1425 creditis,
1894 1364 2168 1431 quomodo,

599 1436 642 1485 si
673 1433 848 1487 dixero
873 1433 1008 1485 vobis
1035 1434 1269 1490 caelestia,
1298 1435 1506 1485 credetis
1551 1434 1569 1500 (
1591 1435 1723 1486 Ibid.
1758 1436 1808 1487 5.
1840 1434 1986 1503 i2)?
2022 1435 2169 1486 Dica-

589 1520 707 1559 mus
734 1520 880 1573 ergo,
914 1504 1021 1556 Deo
1047 1503 1439 1572 suppeditante,
1469 1515 1721 1569 quantum
1752 1505 1977 1557 humana
2007 1504 2167 1557 facul-

591 1590 668 1628 tas
687 1574 825 1629 ferre
854 1583 1043 1643 potest.
1071 1574 1182 1628 Diei
1210 1590 1336 1627 vero
1357 1590 1419 1643 sp
1438 1575 1581 1627 ιιίιιιιι
1604 1578 1755 1629 nobis
1782 1575 2165 1644 DI‘EPSCiIItiillll',

589 1647 890 1699 volentibus
919 1645 1140 1698 ulterius
1168 1646 1465 1712 Speculari;
1501 1647 1891 1713 przescinditnr,
1930 1661 2165 1714 mquam,

588 1717 656 1769 ab
684 1715 1086 1785 Evangeliomm
1121 1715 1366 1769 lectione.
1413 1715 1608 1770 Verum
1645 1718 1769 1770 illud
1794 1718 1899 1772 alio
1928 1726 2168 1785 tempore

589 1790 832 1849 dicetur;
861 1786 965 1856 jam
989 1786 1055 1839 de
1086 1786 1170 1851 iis,
1205 1803 1323 1855 qua:
1354 1788 1404 1839 in
1429 1787 1527 1841 hac
1548 1787 1634 1842 die
1657 1800 1803 1856 gesta
1835 1796 1978 1851 sunt,
2008 1787 2167 1841 verba

590 1859 866 1911 faciamus.
921 1856 1089 1910 Hodie
1136 1857 1377 1911 Christus
1421 1858 1522 1912 hoc
1570 1859 1756 1927 quinto
1802 1859 2006 1913 sabbati
2058 1859 2169 1911 sive

592 1928 939 1982 hebdomade:
961 1927 1065 1991 die,
1093 1928 1143 1981 in
1184 1944 1400 1995 vespera
1432 1941 1555 1981 ante
1584 1934 1905 1997 passionem,
1938 1930 2171 1994 discipu-

590 2001 757 2053 lortnu
792 1999 950 2064 pedes
983 1999 1128 2060 lavit,
1159 2009 1212 2070 et
1239 2000 1439 2052 Pascha
1462 2001 1513 2052 in
1545 2001 1658 2069 lege
1688 2001 1965 2070 figuratum
1998 1999 2169 2066 perfe-

586 2074 678 2133 cit,
709 2071 1045 2137 salutareque
1075 2069 1336 2141 passionis
1365 2072 1674 2141 mysterium
1707 2071 1950 2136 tradidit;
1979 2083 2035 2124 ut
2056 2070 2166 2137 jam

588 2156 712 2195 vere
766 2140 1025 2201 dicamus,
1072 2140 1310 2193 veritatis
1364 2140 1666 2194 sermonem
1715 2143 2005 2195 nonnobis
2034 2157 2169 2208 pra:-

586 2212 753 2265 sciudi
784 2229 797 2265 :
832 2226 951 2264 nam
986 2210 1069 2263 illa
1099 2211 1366 2264 enarratio
1393 2213 1457 2264 ad
1485 2228 1695 2265 crucmn
1743 2223 1964 2281 Spectat.
2010 2224 2063 2264 et
2090 2212 2167 2265 sic

587 2283 770 2352 regula
801 2292 1063 2335 servatur.
1104 2281 1390 2335 Veniamus
1415 2298 1542 2351 ergo
1572 2284 1638 2337 ad
1665 2285 1881 2348 seriem,
1908 2284 1993 2336 illa
2036 2297 2170 2350 prce-

588 2354 910 2415 sciudentes,
967 2362 1024 2404 ut
1068 2361 1279 2421 gustum
1322 2354 1606 2421 quemdam
1645 2356 1694 2407 in
1730 2354 1935 2408 animas
1963 2363 2169 2407 vestras

586 2424 780 2478 Christi
803 2432 1041 2494 amantes
1062 2424 1372 2477 inferamus.
1394 2424 1672 2488 Quomodo
1696 2424 2048 2494 intelligendm
2063 2424 2169 2477 sint

588 2495 899 2549 traditiones
920 2493 989 2547 de
1014 2494 1181 2548 sacris
1209 2496 1475 2563 mysteriis
1503 2500 1717 2557 nostris,
1751 2493 1895 2549 brevi
1937 2506 1989 2548 et
2024 2496 2164 2549 clara

586 2565 1036 2621 demonstratione
1061 2566 1406 2631 esplieemus.
1432 2566 1566 2619 Dicit
1584 2565 1834 2621 Servator
1855 2566 2127 2634 discipulis
2149 2585 2162 2619 :

588 2638 742 2692 Scitis
767 2636 883 2704 quia
911 2644 1020 2702 post
1049 2635 1254 2687 biduum
1279 2635 1479 2687 Pascha
1501 2638 1616 2704 lict;
1666 2647 1712 2690 et
1757 2636 1923 2691 Filius
1954 2637 2169 2690 hominis

584 2710 911 2778 tradetur,_ut
932 2706 1257 2778 cruciﬁgatnr
1294 2706 1517 2777 (Matth.
1542 2707 1630 2761 26.
1665 2710 1699 2759 2
1722 2709 1762 2778 ).
1790 2709 1943 2776 Stepe
1963 2707 2161 2763 Serva-

587 2788 673 2832 tor
704 2776 947 2847 praedixit
972 2776 1246 2844 discipulis
1275 2776 1385 2830 suis
1415 2779 1568 2830 simul
1595 2776 1884 2833 ostendens
1904 2794 1961 2832 se
1991 2778 2165 2833 scien-

587 2859 694 2903 tem
724 2864 828 2901 non
879 2847 1080 2915 fugere,
1130 2862 1226 2900 nec
1264 2857 1683 2914 prmuosceutetu
1725 2849 2022 2913 declinare;
2064 2864 2168 2903 una

585 2936 714 2973 vero
743 2917 937 2989 sedans
962 2918 1323 2989 apostolorum
1344 2919 1571 2989 animos,
1605 2930 1661 2973 ut
1684 2921 1852 2989 parati
1878 2929 1932 2974 et
1961 2920 2166 2988 praescii

586 2988 1040 3059 perturbationem
1061 2986 1372 3059 emigereut.
1391 2988 1523 3043 Cum
1552 3005 1637 3042 res
1663 2986 1972 3057 praescitur,
1988 3006 2169 3058 repen-

588 3058 730 3114 tinus
758 3058 1393 3127 easusiperturbationem
1418 3076 1521 3113 non
1552 3060 1725 3115 affert.
1745 3060 1895 3127 Quod
1922 3072 1973 3114 et
2006 3062 2167 3115 David

588 3130 836 3202 prtedixit
864 3126 1132 3202 :__Paratus
1170 3146 1316 3202 smn,
1359 3139 1406 3202 et
1454 3146 1555 3183 non
1581 3148 1695 3185 sum
1720 3126 1945 3202 turbatus
1974 3136 1991 3202 (
2017 3131 2159 3186 Psal.

588 3198 711 3256 118.
736 3199 863 3268 60).
890 3198 999 3252 Hoc
1025 3198 1080 3271 fit
1107 3200 1156 3252 in
1183 3199 1427 3253 tonitruis
1452 3218 1466 3252 :
1492 3202 1798 3270 pneeedeus
1820 3198 1995 3271 fulgur
2016 3218 2167 3257 men-

587 3282 693 3326 tem
726 3279 987 3342 praeparat
1008 3269 1073 3322 ad
1103 3271 1298 3323 tonitru
1325 3272 1717 3342 excipiendum,
1751 3284 1809 3326 ut
1840 3269 2167 3342 exspectatio

588 3339 845 3414 majorem
872 3339 1335 3414 solvat_timorem.
1388 3339 1476 3396 Sic
1496 3352 1551 3397 et
1574 3342 1825 3414 Servator
1852 3359 1919 3398 ne
1940 3339 2167 3414 repente

586 3430 653 3469 ex
676 3410 928 3482 passione
960 3410 1322 3475 turbarentur,
1370 3414 1514 3467 illam
1541 3413 1798 3482 prazdicit,
1831 3415 1898 3467 ita
1931 3424 1985 3467 ιιι
2007 3410 2165 3468 etiam

586 3484 843 3554 apostolis
878 3483 1258 3550 exprobraret,
1305 3482 1613 3552 diceretque
1656 3494 1775 3552 post
1822 3489 2171 3539 resurrectio-

587 3552 706 3610 nem
744 3574 756 3607 :
791 3552 857 3606 Hi
888 3561 1007 3625 sunt
1024 3567 1282 3625 (sermones
1311 3555 1427 3617 mei,
1458 3572 1581 3622 quos
1613 3555 1847 3625 loquutus
1872 3573 1983 3610 sum
2008 3557 2163 3621 vobis,

621 3628 702 3679 uia
731 3633 922 3697 oportet
944 3620 1137 3697 ilium
1166 3624 1381 3697 hominis
1406 3620 1562 3679 multa
1593 3620 1697 3693 pati
1722 3626 1881 3695 (Luc.
1909 3626 2000 3682 24.
2032 3629 2101 3682 44
2121 3620 2161 3697 ).

621 3644 702 3679 tua
731 3644 921 3692 oportet
944 3644 1137 3675 rumm
1166 3644 1381 3677 uommts
1406 3644 1562 3679 ηιιιιια
1593 3644 1696 3693 ραιι
1722 3644 1881 3695 (Luc.
1909 3644 2000 3682 24.
2032 3644 2101 3682 44-
2121 3644 2161 3697 ).

585 3644 953 3763 ἓκιινυιπιιικιι
985 3693 1107 3759 illis,
1136 3696 1277 3762 quod
1302 3709 1541 3766 seopum,
1573 3712 1677 3764 quo
1710 3697 1823 3751 haec
1851 3699 2167 3766 praedixerat

587 3769 710 3831 illis,
750 3780 853 3837 non
901 3767 1167 3837 asseqnuti
1216 3774 1415 3837 essent.
1476 3764 1723 3829 Praedixi,
1756 3764 1944 3837 inquit,
1976 3780 2027 3819 ut
2062 3786 2163 3822 non

585 3836 997 3892 scandalizemini
1021 3833 1209 3908 (Joan.
1233 3835 1324 3908 16.
1352 3838 1375 3890 1
1402 3835 1526 3908 );_et
1569 3838 1798 3891 turbatio
1828 3833 1920 3891 vos
1940 3853 2165 3908 occupa-

586 3910 679 3962 vit.
714 3908 866 3961 Scitis
888 3908 1007 3974 quia
1036 3916 1146 3973 post
1194 3905 1408 3959 biduum
1441 3905 1642 3977 Pascha
1676 3909 1777 3977 ﬁet,
1805 3920 1849 3961 et
1876 3908 2042 3963 Filius
2075 3905 2166 3964 ho-

586 3980 735 4031 minis
754 3976 995 4039 tradetur,
1023 3986 1077 4029 ut
1102 3978 1431 4046 cruci/igatur
1448 3976 1659 4043 (Matth.
1678 3976 1776 4033 ⁷26.
1798 3980 1872 4049 2).
1898 3979 2161 4049 Nusquam

587 4050 824 4120 reperies
869 4049 1218 4120 Servatoreni
1255 4050 1637 4120 memoravisse
1677 4052 2001 4118 passionem,
2063 4054 2161 4106 nisi

587 4118 868 4190 humanam
902 4132 1184 4190 personant
1209 4118 1567 4190 inducentem_,
1596 4128 1651 4173 et
1679 4122 1826 4190 quasi
1855 4122 1923 4175 de
1944 4122 2048 4174 alio
2080 4124 2161 4175 lo-

584 4200 795 4259 quatur.
825 4188 939 4242 Non
970 4190 1118 4250 dixit,
1144 4188 1363 4250 Tradar,
1397 4189 1491 4242 sed
1521 4188 1711 4243 Filius'
1730 4192 1947 4245 hominis
1997 4194 2165 4246 trade-

586 4272 688 4325 tur,
740 4271 793 4313 ιιι
832 4259 1487 4329 cruci/igatursNusquam
1541 4262 1775 4329 reperies
1824 4263 2162 4320 Servatorem

587 4333 857 4403 traditum,
886 4329 979 4403 sed
1006 4327 1172 4403 Filius
1194 4327 1713 4403 hoministradetur;
1735 4343 1786 4387 et
1805 4334 1997 4402 ubique
2015 4340 2162 4403 quasi

584 4404 652 4455 de
677 4403 779 4474 alio
810 4401 1057 4474 loquitur.
1088 4399 1219 4474 (lum
1262 4416 1386 4453 vero
1414 4402 1480 4455 de
1504 4402 1780 4458 divinitate
1818 4399 1958 4457 clare
1990 4399 2161 4474 loqui-

585 4482 689 4549 tur,
834 4490 845 4549 ξ
875 4470 986 4549 Ego
1030 4480 1076 4523 et
1132 4471 1285 4549 Piger
1329 4488 1484 4549 unum
1514 4490 1683 4549 smnus
1710 4474 1883 4543 (Joan.
1915 4475 2027 4549 10.
2042 4470 2159 4549 50).

583 4543 697 4615 Non
749 4543 892 4600 dicit,
949 4543 1058 4609 Ego
1087 4552 1139 4594 et
1186 4541 1341 4615 Pater
1384 4547 1469 4615 qui
1502 4544 1643 4596 misit
1686 4541 1802 4607 me;
1834 4546 1949 4609 sed,
1984 4547 2091 4615 Ego
2118 4541 2163 4603 et

587 4614 742 4667 Pater
764 4628 917 4665 unum
946 4628 1145 4672 sumus;
1191 4623 1265 4676 et,
1303 4612 1402 4677 Qui
1430 4615 1550 4665 vidit
1582 4631 1679 4678 me,
1706 4616 1827 4668 vidit
1855 4627 1899 4667 et
1934 4612 2159 4675 Patrem.

586 4686 741 4739 Scitis
769 4684 887 4751 quia
919 4693 1028 4749 post
1073 4680 1281 4734 biduum
1313 4682 1511 4751 Pascha
1539 4684 1643 4750 ﬁet.
1673 4697 1716 4738 et
1747 4685 1914 4740 Filius
1945 4690 2163 4744 hominis

582 4756 826 4816 tradetur,
874 4763 932 4825 ut
957 4753 1282 4825 cruci/igatur
1316 4750 1481 4821 (Ibid.
1515 4755 1600 4807 14.
1632 4755 1721 4825 9).
1768 4756 2002 4813 Joannes
2036 4776 2162 4815 vero

580 4840 737 4891 quam
755 4834 902 4878 certo
923 4822 1181 4892 loquitur?
1204 4822 1278 4876 Ne
1293 4826 1407 4897 quis
1424 4833 1649 4893 putaret,
1673 4822 1847 4894 t'empu
1894 4831 2017 4883 illud
2036 4848 2163 4897 pra:-

584 4911 709 4950 sens
730 4912 793 4951 ex
813 4897 1130 4948 necessitate
1147 4909 1287 4957 esse,
1314 4894 1436 4949 vide
1458 4910 1575 4948 eum
1590 4912 1783 4964 quanta
1808 4894 2161 4958 afﬁrmatione

581 4966 831 5036 loquatur
863 4982 875 5016 :
902 4965 1085 5036 _Sciens
1110 4965 1225 5032 quia
1256 4966 1383 5036 venit
1424 4965 1569 5027 hora,
1597 4978 1651 5019 ut
1686 4978 1905 5022 transeat
1958 4988 2019 5025 ea:
2066 4973 2160 5026 hoc

579 5034 768 5090 mundo
793 5036 860 5088 ad
893 5034 1118 5094 Patrem,
1152 5051 1265 5086 cum
1285 5034 1538 5089 dilexisset
1562 5053 1695 5098 suos,
1728 5040 1780 5090 in
1812 5041 1963 5105 ﬁnem
1985 5042 2157 5096 dilexit

579 5123 664 5161 eos
695 5106 872 5175 (Ibid.
905 5106 989 5159 l5.
1022 5107 1043 5157 1
1075 5108 1089 5171 )
1119 5122 1132 5165 ς
1161 5120 1223 5157 ac
1253 5109 1294 5157 si
1324 5106 1547 5170 diceret,
1592 5107 1887 5162 Perfectam
1914 5114 2158 5167 exhibuit

577 5180 876 5234 caritatem.
912 5176 978 5228 Et
1001 5192 1141 5228 cwna
1178 5180 1312 5245 facta
1342 5192 1552 5246 surgens
1590 5178 1819 5247 deposuit
1868 5184 2159 5237 vestimenta

578 5267 692 5313 sua,
724 5259 769 5303 et
791 5247 1052 5323 prwcinxit
1081 5263 1134 5323 se
1159 5248 1629 5323 ιίηιςοηειῇιηηιὶδὶιΔ
1650 5266 1835 5323 aquam
1864 5253 1919 5323 in
1946 5256 2151 5323 pelvim,

578 5330 624 5394 et
649 5317 800 5394 coepit
828 5321 1007 5394 lavare
1039 5317 1586 5394 pedqdiscipulorgm
1612 5317 1787 5389 (Ibid.
1821 5337 1867 5374 v.
1889 5317 1955 5394 2.
1984 5326 2040 5379 4.
2065 5317 2153 5394 5).

580 5391 783 5445 Pudeat
828 5388 1133 5459 haereticos,
1154 5387 1208 5441 Si
1251 5387 1471 5442 audiant
1501 5387 1837 5447 Servatorem
1867 5387 2153 5459 dicentem,

578 5459 737 5515 Facio
764 5458 1285 5532 voluntateml’atris
1313 5461 1438 5526 mei,
1470 5462 1646 5513 statim
1675 5461 1859 5515 dicunt
1886 5466 1903 5532 (
1934 5465 2066 5518 Ibid.
2098 5458 2149 5521 5.

579 5532 669 5587 50.
710 5541 755 5584 et
785 5532 837 5586 6.
864 5532 932 5586 38
952 5538 971 5599 )
997 5546 1010 5582 :
1043 5528 1249 5592 Viden’,
1281 5532 1549 5599 quomodo
1575 5532 1818 5587 subditus
1856 5528 1925 5588 sit
1949 5545 2003 5589 et
2029 5537 2157 5591 obe-

576 5604 691 5656 diat
727 5601 907 5655 Patri?
953 5599 1007 5653 In
1057 5600 1144 5653 illa
1176 5599 1304 5652 liora
1334 5616 1444 5655 rem
1476 5603 1766 5655 terribilem
1810 5605 1991 5660 videre
2020 5617 2151 5661 erat.

576 5671 684 5727 Cur
708 5674 938 5727 surrexit
962 5679 1016 5725 et
1040 5670 1676 5739 deposuitvestimentum
1700 5690 1874 5737 suum,
1904 5678 1989 5743 qui
2017 5678 2152 5731 ami-

578 5755 695 5796 ctus
722 5756 835 5798 erat
861 5743 1061 5797 lumine
1080 5744 1216 5794 sicut
1247 5744 1651 5806 vestimento,et
1679 5747 1951 5812 prmeinxit
1970 5764 2028 5802 se
2052 5746 2157 5802 litt-

580 5814 701 5866 teo?
728 5815 877 5867 Tunc
918 5814 1097 5866 videre
1142 5822 1258 5865 erat
1303 5827 1479 5865 veram
1526 5814 1668 5867 illam
1720 5815 1863 5869 Pauli
1921 5836 2149 5875 vocem:

582 5878 713 5932 Cum
744 5881 797 5933 in
830 5888 999 5953 [arma
1026 5881 1121 5937 Dei
1147 5890 1292 5948 esset,
1321 5887 1533 5954 formam
1562 5886 1689 5939 servi
1706 5892 1895 5958 accepit
1920 5894 1935 5962 (
1952 5890 2146 5960 Philip.

2063 392 2332 451 SPURIA.

3753 404 3863 461 716

2277 513 2330 588 2.
2366 514 2417 569 6.
2447 514 2478 569 7
2497 515 2849 588 ).7Pr:ecinxit
2886 531 2947 573 se
2972 516 3135 574 linteo
3174 518 3263 587 qui
3293 518 3466 588 operit
3490 518 3677 573 caelum
3706 520 3867 574 nubi-

2276 585 2375 659 bus
2396 603 2425 659 _:_
2464 597 2519 642 et
2550 587 2771 642 immisit
2810 604 3001 658 aquam
3049 592 3099 644 in
3152 585 3366 659 pelvim,
3410 591 3497 657 qui
3529 590 3864 650 fluminibus.

2276 656 2533 731 fontibus,
2586 659 2825 731 maribus
2849 656 3106 730 aquarum
3140 656 3381 714 naturam
3430 656 3640 714 infudit.
3666 661 3865 731 Cogita

2275 726 2589 793 discipulum
2618 726 2915 791 sedentem;
2952 740 3006 785 et
3039 732 3318 784 Dominum
3350 732 3681 785 incurvatum
3705 726 3774 785 ρι’
3788 731 3863 785 ad

2275 812 2447 866 genua
2496 800 2905 866 respicientem,
2948 801 3031 855 cui
3081 801 3313 855 ﬂectitur
3358 818 3497 870 genu
3540 801 3863 865 caelestium,

2277 870 2607 922 terrestrium
2637 880 2691 923 et
2731 871 3080 927 infernorum.
3106 872 3388 926 Humilitas
3412 873 3709 927 Servatoris
3737 888 3866 925 om-

2277 954 2397 992 nem
2430 941 2687 994 exstinxit
2733 943 3035 1010 superbiam
3068 962 3082 996 :
3130 944 3217 996 illa
3249 943 3504 998 modestia
3527 958 3744 997 omnem
3765 958 3865 996 ex-

2275 1010 2463 1063 stinxit
2488 1013 2868 1080 arrogantiam.

2348 1081 2402 1133 2.
2432 1082 2561 1152 Cum
2595 1083 2749 1136 video
2775 1084 3109 1138 Servatorem
3138 1084 3397 1138 lavantem
3431 1084 3590 1152 pedes
3619 1083 3867 1151 discipu-

2275 1149 2444 1224 lorum
2460 1194 2473 1215 ,
2498 1151 2652 1224 lsaiae
2681 1152 2753 1223 (a)
2781 1156 2917 1207 circa
2937 1156 3234 1221 superbiam
3260 1149 3492 1209 nostram
3515 1155 3711 1208 dictum
3737 1149 3868 1224 pro-

2274 1220 2388 1275 fero
2422 1238 2434 1274 :
2466 1223 2600 1286 Quid
2628 1220 2851 1291 superbit
2881 1220 3013 1277 terra
3039 1234 3085 1278 et
3111 1227 3238 1279 cinis
3264 1224 3466 1349 ((Eccli.
3499 1226 3587 1280 10.
3621 1220 3865 1295 9)⁹ἔ’(]ο-

2274 1293 2377 1349 uita
2418 1293 2698 1348 Dominum
2736 1294 3105 1349 incurvantem
3145 1312 3203 1349 se
3231 1311 3258 1349 a
3337 1296 3498 1349 pedes
3534 1310 3865 1349 servorum.

2273 1293 2377 1361 gita
2418 1293 2698 1348 Dominum
2736 1294 3105 1350 incurvantem
3145 1312 3203 1351 se
3231 1293 3294 1349 ad
3337 1296 3498 1363 pedes
3534 1293 3865 1359 servorum,

2272 1371 2325 1415 et
2355 1364 2619 1435 lavantem
2660 1366 2820 1433 ipsos.
2856 1366 3131 1430 Quomodo
3160 1366 3275 1420 haec
3307 1367 3567 1429 dicantur,
3598 1368 3680 1420 vel
3720 1382 3867 1435 quo-

2276 1433 2433 1486 modo
2479 1437 2783 1489 taceantur?
2830 1436 3016 1491 Sermo
3056 1453 3160 1490 non
3205 1437 3434 1502 sufficit,
3475 1433 3751 1492 silentium
3792 1437 3867 1491 de

2275 1503 2480 1572 ingrato
2509 1506 2688 1559 animo
2716 1518 2949 1560 accusat.
2983 1508 3179 1576 Ecquid
3224 1507 3508 1570 faciemus,
3540 1522 3658 1561 cum
3694 1522 3867 1561 enar-

2276 1589 2395 1647 rare
2422 1591 2524 1628 non
2560 1576 2860 1644 possimus?
2890 1576 3048 1645 Coepit
3088 1582 3255 1631 lavare
3283 1581 3428 1646 pedes
3454 1578 3826 1647 discipulorum
3846 1619 3865 1642 ,

2272 1654 2317 1697 et
2337 1645 2495 1719 linteo
2522 1658 2729 1719 tergere.
2768 1647 2845 1701 Ne
2886 1664 3042 1719 unam
3074 1645 3290 1719 quidem
3317 1645 3592 1702 ministerii
3623 1649 3866 1715 Speciem

2273 1716 2506 1789 reliquit.
2534 1716 2649 1771 Non
2680 1718 2938 1785 permisit,
2972 1730 3024 1773 Ill
3056 1716 3189 1789 aqua
3218 1721 3284 1773 ab
3313 1722 3429 1772 aliis
3458 1719 3865 1784 immitteretur,

2273 1796 2333 1860 et
2358 1787 2469 1860 ipse
2501 1789 2727 1860 lavaret:
2756 1806 2927 1856 neque
2966 1791 3078 1860 ipse
3106 1787 3249 1854 lavit,
3277 1801 3329 1844 et
3355 1790 3441 1844 alii
3469 1791 3861 1843 absterserunt.

2276 1856 2602 1932 Videturque
2632 1859 2717 1913 hic
2747 1856 3064 1932 stupendum
3105 1860 3370 1931 quoddam
3418 1861 3733 1932 mysterium
3781 1862 3867 1912 di-

2273 1928 2490 2002 scipulis
2534 1932 2760 2002 aperire.
2808 1928 2935 1985 Cum
2980 1928 3264 1997 dilexisset,
3323 1928 3528 2002 inquit,
3580 1931 3866 2000 discipulos

2272 2014 2411 2064 suos,
2428 2000 2495 2071 in
2519 2001 2672 2068 ﬁnem
2700 2002 2874 2055 dilexit
2898 2018 3001 2066 eos,
3025 2004 3153 2057 dicit
3172 2000 3420 2057 Joannes.
3452 2001 3517 2054 Et
3538 2019 3676 2055 caena
3698 2007 3861 2071 facta,

2272 2085 2388 2141 cum
2406 2070 2521 2141 jam
2548 2071 2781 2125 diabolus
2801 2073 3081 2127 immisisset
3106 2075 3157 2127 in
3184 2090 3269 2127 cor
3292 2073 3446 2127 Judte
3466 2074 3690 2127 Simonis
3714 2072 3865 2124 [sca-

2271 2140 2450 2214 riotte,
2484 2145 2789 2214 uthtrnderet
2827 2161 2939 2196 eum
2959 2185 2973 2208 ,
3017 2161 3256 2214 surgens,
3312 2145 3542 2212 deposuit
3570 2146 3867 2196 vestimenta

2272 2208 2471 2279 (Joan.
2505 2212 2590 2266 15.
2616 2211 2707 2279 2).
2734 2214 2844 2267 Νοη
2876 2216 2991 2269 sine
3015 2208 3172 2269 caiisa
3204 2216 3270 2268 ita
3294 2208 3445 2276 dixit,
3470 2214 3563 2267 sed
3595 2226 3652 2266 ιιι
3676 2225 3865 2268 Osten-

2272 2280 2452 2356 deret,
2476 2297 2597 2336 cum
2622 2283 2728 2353 jam
2754 2284 2989 2353 proditor
3009 2286 3360 2356 proditionem
3383 2286 3666 2338 meditatus
3691 2296 3861 2349 esset,

2271 2350 2812 2411 Servatoremmmeu
2847 2371 2951 2408 non
2982 2350 3249 2411 dubitasse
3276 2356 3561 2425 proditoris
3593 2356 3756 2422 pedes
3786 2357 3865 2408 la-

2274 2437 2399 2476 vare
2442 2440 2457 2477 :
2501 2434 2721 2478 noverat
2761 2428 2924 2494 ipsius
2963 2428 3175 2491 dolum,
3222 2438 3272 2482 et
3314 2438 3486 2480 tamen
3532 2426 3678 2479 lavit.
3718 2426 3864 2491 Quid

2272 2494 2434 2566 ergo?
2461 2510 2528 2547 au
2561 2510 2904 2563 personarum
2932 2501 3169 2566 acceptio
3188 2507 3271 2551 est
3293 2497 3429 2566 apud
3457 2498 3618 2551 Deum
3636 2499 3659 2549 ’ἔ
3678 2498 3861 2551 Misit.

2273 2564 2386 2616 Non
2418 2582 2630 2635 semper
2662 2567 2797 2621 inter
2826 2564 3081 2622 laedentes
3124 2580 3177 2622 et
3208 2564 3362 2622 laesos
3392 2577 3472 2621 est
3507 2584 3861 2635 personarum

2272 2638 2528 2707 acceptio.
2554 2638 2606 2691 Si
2632 2638 2784 2691 laesus
2807 2638 3082 2692 laedentem
3108 2638 3348 2704 honoret,
3374 2653 3476 2693 non
3508 2653 3861 2706 personarum

2272 2708 2537 2774 acceptio,
2570 2709 2660 2762 sed
2694 2708 2963 2762 humilitas
2992 2720 3104 2773 est;
3138 2710 3181 2763 si
3224 2726 3348 2764 vero
3390 2712 3545 2762 laesus
3570 2710 3706 2763 clam
3746 2726 3865 2762 ma-

2272 2776 2379 2847 lum
2412 2790 2680 2845 operetur,
2711 2779 2889 2847 specie
2913 2790 3089 2833 autem
3132 2780 3265 2835 bene
3302 2779 3521 2834 affectus
3549 2781 3650 2843 sit,
3679 2794 3744 2833 ea
3776 2789 3865 2835 est

2272 2846 2560 2920 simulatio.
2608 2851 2689 2902 Ab
2720 2846 2829 2918 ipsa
2874 2866 2930 2904 re
2969 2853 3266 2919 exemplum
3298 2852 3497 2920 accipe.
3529 2851 3740 2904 Sciebat
3765 2850 3863 2905 Ju-

2270 2917 2395 2990 das,
2436 2922 2523 2988 qui
2570 2917 2810 2975 tradebat
2849 2917 3157 2985 Dominum,
3201 2922 3252 2976 id
3282 2917 3501 2990 impium
3532 2936 3651 2974 esse
3683 2940 3697 2975 :
3729 2937 3860 2975 nam

2270 2988 2357 3042 cui
2388 2990 2753 3055 insidiabatur,
2784 2995 2831 3046 ei
2872 2995 3108 3046 osculum
3138 2988 3414 3047 oﬂ'erebat.
3446 2991 3697 3047 Servator
3721 3006 3859 3046 vero

2273 3058 2432 3133 laesus
2460 3061 2742 3116 laedentem
2771 3064 3084 3129 honorabat,
3116 3063 3258 3133 quod
3289 3079 3394 3118 non
3432 3063 3687 3131 injustitia
3715 3072 3859 3126 erat,

2271 3130 2363 3203 sed
2396 3131 2707 3203 humilitatis
2736 3149 3006 3199 excessus,
3037 3130 3195 3203 quam
3220 3144 3277 3190 et
3303 3136 3442 3189 Deus
3470 3130 3646 3188 laudat
3674 3143 3729 3188 et
3760 3135 3861 3187 ho-

2270 3202 2442 3275 mines
2489 3202 2837 3257 admirantur.
2888 3204 2978 3257 Vis
3028 3202 3330 3275 exemplum
3376 3205 3596 3259 videre?
3645 3204 3860 3259 [nmero

2270 3270 2495 3326 Joabum
2530 3274 2947 3330 Davidisdueem
2978 3270 3270 3331 exercitus.
3302 3276 3351 3329 Is
3379 3276 3865 3337 Abnarum,aliun

2270 3342 2480 3417 ducem.
2502 3347 2840 3417 _et_amicitia:
2872 3348 3046 3402 verbis
3092 3348 3287 3408 coluit.
3320 3346 3530 3402 etclam
3557 3347 3737 3417 gladio
3764 3362 3861 3415 per

2272 3412 2359 3466 ilia
2389 3414 2626 3469 Confudit
2664 3433 2676 3463 :
2711 3417 2926 3471 fratrem
2956 3418 3212 3483 vocabat,
3239 3430 3293 3473 et
3316 3428 3378 3471 ut
3407 3412 3679 3471 inimicum
3708 3412 3855 3472 occi-

2270 3484 2516 3553 debat(2.
2553 3486 2679 3555 Reg.
2707 3488 2758 3541 5.
2777 3487 2890 3557 27).
2914 3488 3034 3543 Ideo
3060 3490 3253 3542 malmn
3283 3498 3368 3543 est
3395 3489 3684 3547 simulatio.
3713 3489 3859 3543 Alias

2269 3564 2445 3610 autem
2472 3572 2590 3610 cum
2616 3559 2678 3619 is,
2702 3560 2788 3628 qui
2819 3559 2975 3613 laesus
3002 3568 3114 3622 est,
3148 3559 3426 3613 laedentem
3456 3558 3719 3613 beneficio
3744 3561 3856 3613 afﬁ-

2269 3628 2341 3697 cit
2360 3668 2374 3690 ,
2406 3642 2490 3681 res
2518 3628 2673 3681 laude
2698 3631 2851 3697 digna
2879 3641 2980 3683 est.
3009 3629 3173 3684 Jacoh
3204 3629 3422 3684 timebat
3452 3628 3671 3683 fratrem
3702 3645 3853 3684 suum

2270 3696 2408 3770 Esaii
2424 3738 2438 3762 ,
2457 3708 2510 3751 et
2535 3696 2931 3768 rogabatDeum
2954 3701 3135 3755 dicens
3155 3717 3167 3753 :
3192 3700 3328 3753 Erue
3342 3716 3419 3754 me
3433 3701 3495 3753 de
3510 3717 3665 3753 manu
3683 3702 3855 3770 fratris

2270 3769 2383 3839 mei,
2414 3786 2475 3821 ne
2499 3773 2698 3823 veniens
2725 3772 2920 3823 occidat
2950 3788 3026 3824 me
3055 3770 3220 3839 (Gen.
3252 3770 3339 3827 52.
3372 3772 3477 3837 11).
3514 3772 3647 3824 Cum
3676 3769 3852 3826 autem

2267 3838 2409 3891 videt
2440 3840 2608 3903 illum,
2645 3842 2844 3894 honore
2875 3841 3037 3896 afficit
3065 3838 3117 3895 et
3145 3843 3218 3895 ait
3248 3860 3261 3896 ε
3304 3840 3418 3894 Vidi
3454 3841 3635 3907 {aciem
3675 3852 3849 3907 tuam,

2267 3924 2327 3960 ac
2356 3910 2533 3982 siquis
2557 3912 2741 3965 videret
2784 3913 2963 3982 faciem
2997 3913 3086 3965 Dei
3116 3912 3273 3981 (Ibid.
3303 3912 3391 3966 '55.
3425 3911 3551 3978 10).
3582 3914 3715 3965 Cum
3756 3929 3849 3965 au-

2269 3989 2373 4032 tem
2406 3980 2550 4034 illum
2583 3991 2635 4034 ttt
2669 3980 2935 4036 inimicum
2963 3994 3017 4037 et
3047 3980 3359 4037 homicidam
3400 3995 3643 4037 cerneret
3665 4024 3681 4045 ,
3717 3984 3853 4038 Deus

2268 4064 2387 4121 cum
2418 4053 2577 4105 sciret
2604 4054 2747 4106 illum
2781 4068 2884 4107 non
2915 4054 3165 4107 insidiose
3193 4055 3261 4106 ita
3294 4054 3454 4121 loqui,
3498 4054 3590 4107 sed
3624 4062 3683 4108 ut
3722 4055 3850 4107 insi-

2271 4120 2392 4193 dias
2412 4122 2684 4191 ell'ugerel,
2711 4124 2806 4192 ipsi
2833 4125 3084 4193 pepercit.
3109 4124 3196 4178 Sic
3216 4124 3258 4178 si
3281 4120 3397 4193 quis
3418 4124 3665 4177 amicitia:
3693 4127 3849 4178 verba

2270 4189 2539 4263 proferat,
2566 4210 2666 4245 non
2686 4189 2749 4247 ei
2774 4189 2919 4258 dolo,
2942 4195 3034 4248 sed
3057 4189 3559 4263 uttlolum'eﬂ‘ugiat,
3585 4195 3723 4249 Deus
3747 4212 3849 4250 non

2269 4260 2389 4335 ideo
2418 4263 2713 4335 indignatur
2744 4283 2754 4316 :
2790 4266 2902 4331 ipse
2932 4282 3157 4335 namque
3183 4266 3297 4333 ejus
3324 4260 3511 4317 doctor
3542 4274 3627 4319 est
3662 4281 3679 4318 :
3730 4265 3850 4319 Ver-

2267 4332 2711 4418 buntsubntissunt
2738 4332 3291 4418 avertit-irant"\Prov.
3326 4335 3415 4418 15ἒ
3444 4335 3520 4404 1).
3554 4337 3691 4418 Clum
3717 4338 3845 4404 jam,

2268 4401 2472 4470 inquit,
2503 4404 2746 4456 diabolus
2786 4407 3089 4460 immi~isset
3114 4401 3170 4460 in
3199 4422 3292 4459 eor
3319 4401 3563 4467 Judm,ut
3593 4401 3847 4461 Servato-

2269 4488 2379 4525 rem
2411 4476 2676 4548 proderet,
2706 4476 2957 4530 Servatur
2982 4478 3303 4547 benignitate
3329 4476 3510 4548 volens
3530 4477 3647 4545 ejus
3677 4480 3847 4548 ingra~

2271 4552 2379 4596 lllm
2408 4547 2639 4597 aninmm
2670 4549 2914 4608 vincere.
2957 4556 3011 4601 et
3052 4547 3453 4601 mansuetudine
3488 4547 3845 4615 arrogantiam

2268 4616 2479 4688 solvere
2499 4656 2512 4675 ,
2541 4616 2657 4684 ejus
2681 4617 2842 4685 pedes
2868 4619 3010 4671 lavit.
3043 4619 3154 4688 Ego
3185 4633 3289 4671 non
3319 4626 3520 4671 tantum
3554 4636 3723 4671 miror
3753 4622 3849 4672 Do-

2268 4686 2467 4759 minum
2499 4701 2592 4759 sua
2623 4697 2961 4756 priestantem
2992 4686 3159 4759 (opus
3194 4689 3334 4743 enim
3386 4688 3550 4756 ipsius
3596 4706 3846 4744 mansue-

2268 4755 2395 4808 tudo
2420 4758 2593 4825 erat),
2626 4755 2879 4825 quantum
2915 4755 3212 4813 illumdolo
3243 4755 3475 4827 plenum.
3516 4762 3634 4824 Quo
3668 4763 3845 4815 animo

2267 4827 2425 4893 pedes
2454 4828 2681 4881 obtulit?
2720 4829 2984 4897 quomodo
3013 4830 3139 4882 vidit
3168 4840 3376 4883 sanctas
3417 4829 3625 4883 Domini
3659 4846 3845 4885 manus

2263 4897 2401 4950 circa
2428 4899 2592 4970 pedes
2617 4901 3079 4970 suosiversantes?
3104 4899 3369 4969 quomodo
3403 4916 3506 4953 non
3534 4901 3848 4970 obtorpuit?

2263 4969 2530 5025 quomodo
2553 4984 2654 5022 non
2677 4969 2991 5024 exhorruit?
3015 4973 3259 5024 Attamen
3282 4971 3514 5024 clemens
3542 4972 3630 5024 illa
3661 4969 3844 5025 natura

2264 5035 2373 5090 fert
2404 5040 2681 5105 patienter.
2715 5038 2935 5093 Videtur
2964 5050 3138 5094 autem
3190 5044 3361 5109 ipsutn
3410 5042 3582 5109 primo
3631 5043 3840 5096 lavisse.

2260 5109 2475 5182 Qttare?
2514 5109 2623 5162 Nisi
2651 5110 2866 5182 lavisset
2891 5111 3052 5179 pedes
3082 5112 3362 5179 proditoris
3385 5153 3399 5178 ,
3429 5112 3522 5165 sed
3564 5123 3841 5182 postquam

2260 5179 2394 5231 alios
2419 5180 2654 5244 laverat,
2688 5181 2857 5248 ipsum
2889 5184 3224 5249 reliquisset;
3268 5186 3366 5235 hoc
3401 5179 3780 5236 certe'fuiSet
3815 5199 3844 5235 a

2262 5250 2543 5304 Servatore
2573 5251 2838 5316 alienum,
2881 5263 3041 5321 atque
3086 5253 3211 5307 hinc
3256 5252 3421 5307 Judas
3466 5270 3651 5306 ausam
3702 5255 3842 5307 arri-

2262 5320 2462 5388 puisset
2489 5339 2503 5374 :
2534 5321 2654 5390 Ipse
2684 5336 2770 5375 me
2797 5320 3127 5392 segregavit,
3180 5326 3292 5391 ipse
3338 5339 3422 5377 me
3462 5324 3787 5381 abalienavit
3825 5340 3839 5374 ι

2259 5392 2495 5445 omnium
2523 5392 2685 5460 pedes
2711 5392 2870 5458 lavit,
2899 5408 2984 5448 me
3014 5405 3186 5449 autem
3213 5395 3501 5450 damnavit.
3519 5396 3636 5460 Quo
3660 5399 3843 5448 animo

2260 5470 2498 5528 poteram
2524 5477 2643 5516 cum
2671 5463 2762 5516 illo
2787 5464 2945 5517 esse?
2989 5464 3127 5519 Vidit
3160 5466 3297 5520 Deus
3339 5481 3431 5521 cor
3470 5466 3836 5525 confractum,

2257 5539 2312 5584 et
2338 5531 2525 5603 noluit
2545 5532 2651 5598 jam
2695 5549 2761 5586 ex
2802 5548 2860 5587 se
2889 5535 3218 5589 confractum
3259 5538 3370 5603 ipse
3397 5538 3757 5603 confringere.
3788 5534 3836 5588 Id

2256 5616 2385 5675 vero
2426 5602 2621 5675 indicat
2652 5603 2823 5675 illud:
2854 5603 3121 5675 Calainum
3164 5602 3545 5675 conquassatum
3583 5602 3684 5660 non
3732 5622 3840 5659 con-

2257 5672 2492 5747 [ringes
2518 5673 2701 5747 Matth.
2736 5674 2820 5727 12.
2847 5674 2974 5747 22).
2999 5677 3244 5732 Attamen
3267 5672 3645 5747 disapulorum
3678 5677 3838 5747 pedes

2256 5743 2401 5795 lavit.
2435 5742 2631 5798 Ultimo
2658 5747 2800 5798 venit
2829 5747 2892 5798 ad
2922 5742 3157 5801 Petrum.
3202 5749 3331 5801 Dum
3371 5742 3549 5803 autem
3590 5742 3727 5802 alios
3763 5752 3839 5799 la-

2323 5835 2393 5898 (a)
2419 5838 2499 5905 ttic
2521 5836 2692 5905 Isaiam
2713 5850 2801 5905 p_r_o
2838 5839 3046 5888 siraeide
3070 5843 3259 5905 posuit,
3280 5841 3411 5904 quod
3434 5849 3487 5892 et
3634 5842 3835 5905 scripto-

2254 5898 2407 5961 ribus,
2432 5899 2527 5949 imo
2553 5900 2700 5950 etiam
2716 5898 3055 5964 Chryswtomo
3070 5898 3261 5953 accidit.
