4082 6400
270 397 372 452 717

254 518 417 579 γνηιοει
440 507 710 571 Servator,
741 504 1223 579 cogitabatl’etrus
1253 502 1563 579 dignitatem
1595 497 1803 579 Domini
1828 537 1844 562 ,

266 580 624 648 vilitatemque
646 570 952 648 manilium;
979 575 1233 630 vilitatem
1261 570 1535 648 hominum
1558 580 1611 626 et
1625 570 1848 648 gloriam

266 649 404 715 eius,
435 651 523 719 qui
539 640 750 718 'uhique
789 647 1121 719 celebratur;
1150 654 1210 719 et_
1238 644 1375 713 apud
1396 659 1464 719 se
1501 640 1735 696 decrevit
1766 640 1846 719 lo:

268 712 466 775 tionem
495 734 601 773 non
628 712 927 774 admittere.
963 717 1122 771 Venit
1149 714 1211 768 ad
1240 712 1361 768 eum
1392 714 1664 773 Servator,
1695 722 1747 765 et
1773 712 1851 765 ait

265 790 355 845 ille
389 833 403 845 .
438 789 681 857 Domine,
711 798 764 843 tu
790 789 915 842 mihi
943 789 1081 843 lavas
1107 787 1257 857 pedes
1282 784 1477 856 (Joan.
1506 784 1594 857 15.
1622 783 1655 836 6
1675 780 1844 857 )‘i__tu,

262 861 353 936 qui
398 868 638 936 mortuos
669 852 936 936 suscitas,
973 859 1083 936 q_ui_
1104 852 1344 936 leprosos
1389 852 1844 936 inundas,_(iilud

264 926 405 985 enim
436 930 544 993 't'u,
588 946 830 999 magnam
860 929 967 984 vim
1000 929 1236 999 habet):
1279 941 1377 999 tu,
1409 926 1843 999 cui_egtrte_stili-

261 1009 413 1055 catus
443 992 597 1066 stitit,
635 992 716 1056 Tit
744 1017 796 1056 es
825 1001 1090 1065 Christus,
1139 992 1302 1052 Filius
1345 996 1435 1050 Dei
1474 992 1575 1048 vivi
1615 992 1633 1061 (
1655 993 1841 1066 Matth.

262 1069 474 1143 16416)
521 1063 662 1128 δί’θι
690 1072 982 1142 ignorantia
1004 1063 1274 1143 digitissem,
1300 1068 1351 1143 id
1373 1068 1657 1121 humanam
1680 1063 1843 1118 fuisse

262 1140 619 1213 conjecturam
647 1140 994 1213 contigisset:
1023 1142 1068 1195 si
1090 1156 1215 1195 vero
1236 1149 1289 1194 tu
1318 1140 1431 1213 ipse
1456 1150 1640 1213 vocem
1669 1149 1840 1213 meatu

260 1205 550 1283 obsignasti
592 1205 822 1279 dicens:
860 1210 1017 1267 Pater
1057 1228 1197 1265 meus
1233 1205 1442 1283 celestis
1478 1205 1713 1283 revelavit
1755 1205 1843 1283 tibi

260 1275 433 1349 (Ibid.
464 1300 511 1340 v.
532 1284 676 1357 717,),
707 1275 1097 1357 ηηςᾴοιηῆηὶοἱςειΔ
1118 1282 1361 1357 manibus
1388 1278 1528 1357 servi
1562 1276 1724 1357 pedes
1764 1275 1842 1328 la-

258 1368 387 1427 vare
412 1349 734 1427 sustinebis?
769 1354 908 1427 Non
936 1353 1124 1427 lavabis
1150 1352 1273 1427 mihi
1312 1349 1470 1427 pedes_
1498 1349 1552 1427 in
1596 1356 1841 1427 aeternum

258 1422 449 1498 (Joan.
480 1427 566 1498 15.
591 1427 646 1498 fi.
676 1426 728 1479 8.
759 1422 858 1498 9):
877 1424 1012 1498 Quid
1040 1438 1165 1493 ergo
1184 1417 1471 1498 Servator'i
1498 1417 1697 1498 Vocem
1724 1417 1841 1498 ejus

256 1488 551 1550 confutavit
574 1496 757 1550 dicens
784 1488 971 1560 {Quod
991 1511 1079 1565 ego
1104 1488 1238 1566 facio
1260 1502 1313 1546 tu
1337 1492 1496 1544 nescis
1521 1488 1691 1566 modo,
1714 1488 1840 1541 scies

258 1576 427 1635 autem
456 1577 663 1635 postea;
692 1582 753 1620 ac
779 1567 825 1621 si
852 1560 1058 1621 diceret
1087 1560 1117 1620 ε’
1137 1564 1367 1635 Scopam
1398 1576 1574 1635 meum
1603 1560 1835 1635 ignoras.

256 1634 366 1707 Nec
394 1629 569 1692 tamen
603 1629 694 1692 ille
722 1652 996 1707 repressus
1022 1644 1131 1700 est;
1177 1629 1271 1689 sed
1304 1633 1386 1707 his
1414 1631 1608 1707 auditis
1633 1629 1779 1707 dixit
1820 1646 1835 1683 :

258 1705 379 1761 Non
406 1708 594 1764 lavabis
622 1708 743 1761 mihi
772 1702 923 1777 pedes
960 1709 1012 1761 in
1052 1716 1313 1760 azternum.
1335 1702 1579 1777 ostendit
1606 1703 1836 1777 animam

254 1778 535 1834 adamante
578 1770 871 1833 duriorem.
924 1779 1151 1832 Protulit
1195 1791 1322 1830 vero
1365 1773 1618 1829 Servator
1664 1770 1836 1841 ignem

253 1862 409 1922 suum
435 1890 452 1915 ,
492 1859 551 1922 _et
586 1850 979 1922 adamantinam
1009 1851 1238 1922 animam
1270 1844 1501 1922 reddidit
1535 1858 1655 1898 cera
1692 1840 1836 1922 mul-

254 1919 460 1975 liorem.
491 1919 699 1989 Itaque,
733 1920 935 1989 inquit,
969 1930 1023 1973 tu
1055 1920 1122 1972 ita
1164 1916 1379 1989 rebellis
1403 1916 1834 1989 e‘tAcontentiose,

252 1990 402 2044 solve
430 1985 723 2045 institutum
757 1985 926 2044 tu'um.’
955 1990 1015 2044 Si
1058 2006 1158 2043 non
1186 1988 1352 2042 lavero
1382 1986 1470 2039 tibi
1508 1985 1656 2055 pedes
1681 2025 1695 2048 ,
1736 1998 1838 2035 non

253 2059 455 2115 habebis
482 2073 675 2127 partem
705 2077 916 2114 mecum.
949 2060 1043 2115 llle
1071 2069 1249 2113 autem
1287 2057 1501 2111 rebellis
1530 2066 1584 2109 et
1608 2062 1835 2127 conten—

255 2132 423 2186 tiosus
450 2125 584 2186 dixit
612 2147 629 2187 :
659 2130 878 2185 Domine
896 2172 911 2197 ,
954 2149 1057 2186 non
1085 2142 1281 2184 tantum
1308 2128 1456 2199 pedes
1478 2167 1493 2192 ,
1530 2125 1617 2180 sed
1646 2134 1692 2178 et
1722 2140 1835 2199 ma-

252 2215 349 2273 nus
372 2212 419 2255 et
446 2213 614 2273 caput.
642 2203 772 2256 Tota
794 2194 1002 2257 summa
1027 2202 1288 2273 privabat,
1308 2194 1509 2254 etcum
1535 2210 1690 2273 usura
1715 2194 1837 2249 red-

250 2271 405 2326 didit.
451 2272 567 2328 Non
611 2283 693 2327 est
738 2288 854 2327 mos
891 2268 1313 2328 Christianorum
1343 2284 1463 2325 esse
1496 2268 1831 2337 pervicat-es;

252 2357 357 2396 non
384 2353 594 2411 Oportet
620 2343 979 2398 Christianum
1012 2344 1094 2397 sui
1121 2350 1386 2396 amantem
1414 2354 1537 2411 esse
1558 2354 1573 2403 ;
1600 2338 1832 2411 tum‘de-

249 2422 336 2467 cet
370 2407 491 2468 esse
519 2414 584 2467 ad
613 2414 832 2469 insidias
860 2416 1124 2483 parandas
1150 2412 1421 2483 callidum,
1447 2408 1542 2465 sed
1567 2410 1682 2483 sine
1714 2407 1834 2483 loco

250 2484 497 2539 virtutem
542 2487 690 2539 adire
734 2501 748 2537 :
790 2480 948 2554 quem
989 2500 1110 2539 esse
1154 2492 1364 2553 oportet
1409 2481 1586 2534 laetum
1636 2480 1833 2554 laetitia:

250 2565 522 2622 tempore,
552 2549 957 2610 mmstum'vero
993 2549 1234 2622 tempore
1262 2554 1561 2616 nitestitize,
1606 2560 1663 2604 ut
1705 2549 1834 2604 dicit

250 2622 443 2681 Paulus
460 2667 475 2691 ,
519 2625 750 2681 Gaudere
777 2643 893 2679 cum
921 2627 1271 2696 gaudentibus,
1295 2625 1534 2696 jejunare
1551 2638 1669 2696 cum
1688 2622 1828 2696 jeju-

247 2686 520 2763 tiantibus,
544 2699 667 2779 [lere
685 2714 799 2751 cum
819 2686 1052 2821 fleniibus
1082 2686 1265 2769 (Rom.
1291 2686 1377 2750 i2.
1407 2693 1667 2776 i5)..lloc.
1687 2686 1831 2775 enim

247 2776 329 2820 est
369 2768 510 2821 quod
552 2769 681 2821 dicit
709 2768 815 2821 Pau
843 2784 902 2821 us
932 2786 945 2821 :
977 2768 1096 2821 Sive
1125 2766 1463 2821 manducatis.
1494 2780 1597 2818 sive
1621 2763 1786 2817 bibitis
1811 2803 1827 2821 .

245 2776 329 2820 est
369 2768 510 2837 quod
545 2763 681 2822 dicit
709 2763 902 2822 Paulus
932 2786 945 2821 :
977 2763 1099 2821 Sive
1125 2763 1599 2837 manducatis,sive
1621 2763 1827 2837 bibitis,

245 2834 417 2890 omnia
463 2840 529 2891 ad
557 2841 770 2907 gloriam
820 2838 914 2892 Dei
941 2838 1092 2908 facile
1120 2836 1210 2909 (1.
1239 2836 1357 2891 Cor.
1390 2836 1566 2909 10.751
1591 2834 1659 2909 ).Δ
1687 2834 1830 2909 Nihil

244 2925 373 2976 ergo
402 2904 597 2978 proluit
629 2911 787 2964 Petro
828 2904 1170 2978 pervicacia:
1214 2909 1383 2962 soluta
1410 2908 1606 2976 quippe
1637 2904 1744 2978 fuit
1774 2913 1833 2978 ut

246 2978 299 3032 in
330 2976 469 3034 aliis.
496 2980 719 3047 Quando
738 2976 981 3034 Christus
1022 2980 1166 3033 venit
1203 2989 1259 3032 ut
1288 2980 1663 3048 baptizaretur,
1694 2976 1831 3030 dixit

243 3053 293 3103 ei
338 3050 568 3121 Baptista
600 3070 611 3104 :
645 3050 895 3121 Domine,
947 3068 1036 3121 ego
1062 3067 1093 3102 a
1134 3060 1180 3121 te
1208 3051 1361 3121 debeo
1390 3048 1665 3121 baptizari,
1696 3058 1741 3100 et
1775 3060 1829 3100 tu

242 3120 378 3175 venis
406 3122 475 3175 ad
506 3139 581 3176 me
620 3123 637 3191 (
662 3120 842 3175 Matth.
874 3122 924 3176 5.
961 3119 1042 3175 1⁷4.
1076 3120 1219 3191 1.5)?
1247 3120 1378 3173 Dicit
1408 3119 1483 3173 illi
1529 3121 1780 3191 Servarth
1812 3136 1825 3172 :

245 3191 375 3245 Sine
400 3193 570 3246 modo.
620 3190 698 3248 Ne
741 3191 1054 3257 contendas,
1086 3190 1461 3261 ne'repngnes,
1499 3191 1621 3259 quia
1650 3190 1827 3261 divina

238 3272 326 3317 est
351 3263 629 3328 voluntas;
653 3278 720 3318 ne
745 3272 871 3318 ante
887 3272 1092 3331 tempus
1111 3257 1421 3332 dignitaiem
1443 3257 1683 3323 reveles;
1711 3257 1829 3313 sine

242 3349 331 3388 me
356 3335 596 3389 ordinem
629 3334 857 3404 replere,
891 3343 945 3389 et
971 3347 1096 3388 vere
1130 3333 1413 3387 ostendere
1442 3347 1529 3404 me
1560 3332 1828 3384 hominem

241 3405 596 3473 assumpsisse
615 3446 631 3469 ,
660 3402 719 3459 ut
747 3420 840 3474 per
869 3405 1137 3459 hominem
1191 3419 1413 3470 verum,
1446 3402 1613 3457 Deum
1645 3416 1827 3474 verum

241 3472 545 3530 exhibeam.
594 3472 776 3531 Solum
808 3475 978 3542 dixit,
1022 3475 1149 3530 Sine
1190 3475 1378 3540 modo,
1424 3483 1480 3528 et
1523 3475 1703 3527 statim
1756 3472 1830 3525 si-

239 3548 453 3617 gniﬁcat
474 3546 818 3617 evangelista,
869 3557 985 3617 tunc
1032 3546 1221 3599 dimisit
1246 3560 1359 3598 eum
1387 3544 1663 3617 baptizari.
1687 3544 1831 3617 {Ion-

244 3613 417 3671 iendit
441 3628 499 3671 ut
529 3613 667 3688 pius,
696 3626 751 3673 et
776 3616 1011 3672 obedivit
1041 3627 1100 3671 ut
1126 3617 1428 3688 religiosus.
1469 3616 1557 3669 Sic
1593 3626 1647 3688 et
1682 3613 1832 3688 Jere-

244 3689 379 3742 mias
407 3685 544 3741 cum
563 3689 670 3743 Deo
698 3688 972 3742 contendit
1001 3704 1015 3743 :
1051 3689 1149 3754 Qui
1177 3685 1564 3749 es'dominator,
1594 3685 1825 3749 Domine,

239 3768 295 3811 tu
324 3760 455 3812 nosti
475 3761 618 3830 quod
644 3776 767 3830 puer
791 3760 906 3813 sint.
926 3756 993 3812 Et
1019 3760 1146 3812 dixit
1176 3756 1421 3830 Dominus
1458 3756 1527 3810 ad
1662 3772 1691 3830 :_
1703 3755 1830 3830 Noli

239 3775 295 3811 tu
324 3775 616 3881 nostriquoa
644 3776 767 3830 puer
791 3775 906 3813 sint.
926 3775 993 3812 et
1019 3775 1146 3812 aiant
1176 3775 1421 3811 uominus
1458 3775 1525 3810 aa
1546 3775 1623 3810 me
1662 3775 1681 3811 :
1703 3775 1825 3810 tvou

239 3830 434 3894 dicere,
516 3847 604 3900 uer
626 3847 773 3896 sum,
812 3830 930 3900 quia
955 3832 1022 3883 ad
1047 3845 1171 3898 quos
1199 3839 1247 3883 te
1282 3829 1510 3900 mittam,
1540 3827 1633 3881 ibis
1673 3826 1825 3900 (.ler.

240 3902 292 3953 1.
328 3901 382 3953 6.
412 3901 487 3968 7).
518 3898 687 3955 Solvit
711 3897 1066 3969 pervicaciam
1088 3900 1397 3954 auctoritas.
1425 3897 1654 3953 Rursum
1682 3897 1830 3969 Moy-

240 3986 328 4025 ses
360 3971 553 4024 restitit
577 3972 761 4025 dicens
792 3987 806 4024 :
835 3970 1092 4025 Constitue
1112 3971 1272 4024 alium
1296 3986 1315 4024 :
1340 3986 1459 4023 nam
1484 3969 1688 4040 gracilis
1711 3985 1829 4023 voce

239 4041 489 4166 eittalil‘dus
519 4041 696 4113 lingua
720 4059 833 4096 sum
862 4039 1066 4112 (Exod.
1098 4042 1152 4095 4.
1182 4042 1269 4096 15.
1302 4040 1431 4111 10).
1462 4039 1530 4095 At
1568 4056 1675 4095 non
1703 4056 1825 4096 ces-

239 4126 285 4166 Si
340 4128 352 4164 i
394 4127 446 4166 e.

238 4112 310 4166 sit
340 4112 446 4166 ille.

312 4184 364 4236 5.
392 4182 495 4237 Sed
525 4183 589 4236 ad
620 4184 951 4254 propositum
982 4191 1334 4254 revertamur.
1369 4182 1504 4236 Dicit
1532 4180 1823 4236 Servatur:

241 4252 361 4324 Nisi
411 4254 576 4307 lavero
621 4252 774 4324 pedes
815 4264 955 4319 tuos,
1001 4270 1104 4307 non
1152 4253 1353 4307 habebis
1402 4263 1594 4322 portent
1633 4268 1828 4324 mecum

240 4323 434 4393 (Joan.
472 4325 558 4380 15.
588 4322 681 4397 8⁷).
716 4325 850 4379 Hinc
874 4328 1104 4397 sciamus
1129 4333 1342 4397 Oportet
1362 4332 1564 4397 partem
1590 4322 1825 4378 ﬁdelium

239 4410 362 4449 esse
392 4397 576 4456 Deum,
604 4394 659 4449 et
687 4406 891 4464 partem
919 4396 1012 4451 Dei
1033 4410 1154 4450 esse
1176 4394 1659 4449 ﬁdeles-Nimirum
1686 4406 1827 4450 totus

240 4465 472 4520 mundus
511 4466 604 4519 Dei
643 4475 759 4533 est,
808 4466 994 4521 ﬁdeles
1034 4476 1213 4520 autem
1261 4467 1409 4519 novit
1455 4465 1613 4520 Deus.
1659 4464 1828 4521 Totus

239 4537 490 4602 mundus,
524 4537 726 4606 inquit,
754 4552 785 4592 a
813 4552 899 4591 me
923 4546 1136 4591 creatus
1162 4545 1244 4591 est
1270 4552 1285 4591 :
1313 4545 1364 4589 at
1394 4536 1527 4590 nihil
1565 4535 1635 4589 ita
1672 4552 1824 4605 curo,

238 4616 299 4676 ut
324 4606 555 4661 ﬁdelium
584 4617 809 4676 partem.
841 4608 966 4662 Ideo
992 4607 1178 4662 ﬁdeles
1201 4608 1505 4662 clamabant
1531 4616 1588 4659 ut
1615 4607 1776 4661 David
1809 4626 1824 4662 :

244 4675 423 4731 Portio
452 4695 564 4731 mea
586 4675 840 4732 Dominus
868 4679 923 4731 in
955 4688 1088 4732 terra
1114 4679 1425 4737 viventium;
1464 4687 1519 4731 et
1557 4692 1765 4732 rursum
1810 4698 1824 4734 :

239 4747 488 4821 Dominus
516 4765 635 4818 pars
661 4749 953 4821 hereditatis
974 4764 1097 4803 mea:
1114 4749 1144 4821 ί(
1172 4748 1319 4804 Psal.
1346 4750 1465 4821 141.
1493 4749 1616 4821 6.ει
1639 4750 1723 4805 15.
1745 4749 1824 4821 5).

239 4819 404 4873 Maria
432 4835 560 4873 vero
585 4823 781 4875 sedens
808 4820 873 4874 ad
915 4821 1077 4891 pedes
1106 4820 1311 4874 Domini
1337 4862 1353 4886 ,
1393 4820 1688 4873 doctrinam
1727 4819 1828 4876 au-

238 4891 393 4955 divit,
423 4898 479 4945 et
513 4891 586 4944 ait
625 4890 878 4963 Servativr
911 4890 1127 4963 :Maria
1155 4892 1405 4963 optimam
1412 4902 1615 4963 partem
1644 4892 1826 4963 elegit,

238 4976 354 5028 qua:
381 4977 481 5013 non
500 4965 759 5031 auferetur
776 4961 838 5014 ab
860 4978 916 5014 ea
938 4962 1099 5031 (Luc.
1120 4963 1205 5016 10.
1233 4961 1302 5017 «i2
1320 4962 1358 5031 ).
1385 4960 1570 5015 Videti’
1596 4960 1828 5018 ﬁdelium

206 5050 207 5053 η
242 5042 446 5102 partem
473 5047 593 5086 esse
626 5033 834 5087 Deum?
863 5031 1093 5087 Necesse
1123 5034 1337 5087 demum
1372 5043 1461 5086 est
1498 5032 1787 5089 ostendere
1810 5075 1826 5099 ,

240 5103 511 5171 quomodo
540 5102 726 5156 ﬁdeles
758 5118 878 5171 pars
910 5104 1001 5158 Dei
1030 5105 1156 5157 sint.
1198 5105 1299 5173 Ait
1326 5103 1533 5173 Moyses
1565 5120 1578 5156 :
1615 5102 1831 5168 Quando

240 5173 489 5227 dividebat
502 5173 787 5227 Altissimus
802 5184 991 5243 gentes,
1013 5175 1245 5242 dispersit
1269 5172 1401 5241 ﬁlios
1417 5172 1581 5226 Adam
1603 5187 1624 5228 :
1637 5178 1827 5231 consti-

242 5246 344 5327 tuit
353 5248 588 5299 terminos
609 5244 1073 5327 populoruinguasta
1088 5261 1351 5327 numerum
1366 5245 1671 5327 angelorum
1698 5246 1795 5301 Dei
1811 5265 1831 5314 ;

241 5324 289 5367 et
315 5319 450 5385 facta
475 5326 549 5370 est
574 5332 693 5385 pars
720 5314 929 5368 Domini
958 5316 1173 5383 populus
1200 5316 1310 5384 ejus
1348 5314 1510 5368 Iacob
1534 5314 1711 5385 (Deut.
1739 5321 1828 5373 52.

242 5385 298 5439 8.
326 5384 397 5449 9)
431 5404 443 5439 :
473 5384 594 5454 quia
637 5386 867 5440 mundus
908 5397 1050 5439 totus
1090 5386 1233 5439 illius
1272 5396 1420 5450 erat,
1464 5384 1610 5440 solus
1652 5398 1831 5444 autem

244 5454 472 5524 populus
500 5457 615 5524 ejus
641 5456 808 5511 Jacob
836 5457 1056 5510 audivit.
1085 5456 1173 5510 Sic
1201 5456 1431 5510 etAmos
1461 5458 1718 5525 pr0plieta
1748 5462 1831 5513 di-

241 5527 314 5581 cit
352 5543 373 5598 εΔ
397 5526 464 5581 Et
489 5528 617 5589 vidi,
648 5526 711 5581 Et
745 5544 858 5581 ecce
875 5528 1031 5597 jussit
1058 5526 1307 5581 Dominus
1334 5527 1574 5580 ultionem
1600 5529 1652 5580 in
1682 5532 1796 5598 igne
1814 5571 1828 5595 ,

241 5609 292 5650 et
340 5596 591 5651 devoravit
628 5596 1125 5667 abyssum’multam,
1155 5608 1201 5652 et
1222 5598 1482 5651 devoravit
1508 5596 1832 5667 partem'Do-

242 5670 394 5727 mini,
424 5683 616 5736 nempe
643 5670 913 5737 pepulum.
948 5667 1013 5722 Et
1067 5670 1173 5721 dixi
1208 5683 1225 5720 :
1257 5667 1473 5733 Desine,
1522 5668 1764 5737 Domine,
1802 5689 1834 5724 a

241 5738 425 5810 Jacob,
449 5740 568 5806 quia
594 5755 777 5808 parvus
802 5756 1007 5793 numero
1036 5752 1109 5793 est
1131 5738 1306 5810 (Amos
1329 5741 1381 5791 7.
1413 5738 1465 5793 4.
1497 5740 1605 5807 5);
1652 5742 1702 5794 id
1728 5751 1830 5805 est,

242 5809 321 5866 Ne
344 5810 594 5879 absumas
624 5826 741 5864 nos.
771 5811 896 5865 Haec
923 5811 1063 5865 dicta
1094 5809 1220 5865 sunt
1242 5850 1256 5872 ,
1300 5811 1551 5879 quoniam
1581 5811 1833 5866 Servator

242 5883 317 5938 ait
349 5897 363 5933 :
397 5878 514 5935 Nisi
544 5881 709 5933 lavero
738 5893 803 5944 te,
829 5898 929 5935 non
960 5881 1163 5935 habebis
1194 5878 1388 5949 partem
1414 5898 1625 5936 mecum.
1652 5883 1831 5939 Portio

575 5970 849 6033 ΡΑτιιοι..
894 5975 1012 6035 Gn.
1059 5975 1223 6038 LIX.

1262 387 1324 444 IN
1367 381 1829 444 PRODITIONEM
1865 381 2316 449 SERVATOBIS,
2360 383 2510 445 ETC.

3438 388 3539 443 7l8

1959 512 2090 568 ergo
2114 495 2348 574 ﬁdelium
2379 500 2519 555 Deus
2543 509 2646 567 est,
2687 511 2743 558 et
2771 503 2947 574 portio
2975 502 3066 558 Dei
3094 502 3294 559 ﬁdeles.
3330 503 3417 559 Ait
3445 504 3540 563 Pe.

1960 567 2074 623 trtis
2103 586 2116 622 :
2146 567 2395 635 Domine,
2425 589 2524 645 non
2558 567 2932 645 tantum-pedes
2965 591 3100 629 meos
3126 575 3345 636 lavabis.
3369 578 3458 629 sed
3484 591 3532 631 et

1957 656 2140 695 manus
2163 650 2212 694 et
2240 652 2409 711 caput.
2431 643 2639 698 Putavit
2655 643 2845 700 Petrus
2864 646 3117 701 lotionem
3147 646 3289 699 illam
3312 661 3435 701 esse
3458 665 3534 701 ie-

1957 710 2265 786 missioncm
2299 710 2656 786 peccatorum,
2697 725 2752 770 et
2778 725 2889 770 toto
2918 731 3141 786 corpore
3170 715 3537 771 remissionem

1956 785 2201 851 accipere
2226 784 2460 852 optabat.
2482 784 2636 840 Lotio
2668 798 2845 841 autem
2878 802 2981 841 non
3005 784 3120 842 erat
3141 786 3385 841 remissio
3414 803 3538 855 pec-

1954 863 2233 925 catorum,
2289 855 2382 908 sed
2434 856 2645 925 pietatis
2696 871 3088 925 argumentum.
3150 858 3351 911 Deinde
3405 857 3535 911 dicit

1954 924 2209 997 Servatpr
2243 942 2255 977 :
2293 926 2392 991 Qui
2421 924 2551 979 lotus
2579 937 2677 991 est,
2710 924 2810 980 non
2845 944 2971 997 apus
3006 926 3151 980 habet
3179 929 3273 981 nisi
3302 938 3356 980 ut
3386 930 3535 995 pedes

1953 991 2102 1047 lavet.
2127 993 2162 1048 J
2167 1012 2249 1049 am
2275 1012 2362 1049 vos
2394 997 2571 1067 mundi
2596 999 2710 1051 estis
2740 991 2944 1067 propler
2971 1014 3247 1067 sermonem
3271 991 3416 1067 quem
3452 999 3531 1051 lo-

1950 1077 2133 1138 quutus
2156 1083 2269 1138 sum
2295 1068 2429 1121 vobis
2457 1065 2635 1138 (Joan.
2666 1065 2753 1122 15.
2783 1070 2871 1122 10.
2918 1079 2966 1121 et
3000 1068 3083 1123 15.
3130 1066 3221 1138 5).
3268 1065 3373 1122 Sed
3416 1069 3530 1125 luet:

1950 1136 2164 1207 quidem
2194 1135 2496 1205 hujusmodi
2526 1137 2693 1193 fuere.
2726 1138 3008 1207 Postquam
3039 1135 3215 1193 autem
3248 1140 3447 1194 laverat
3474 1149 3531 1196 et

1948 1205 2279 1262 absterscrat
2305 1248 2321 1271 ,
2351 1210 2558 1276 accepit
2583 1205 2895 1266 vestimenta
2917 1224 3010 1263 sua
3041 1218 3096 1263 et
3123 1210 3381 1264 recubuit.
3408 1212 3529 1266 Ser-

1946 1276 2091 1331 vavit
2118 1278 2255 1332 servi
2294 1278 2552 1351 formam,
2578 1290 2635 1335 et
2670 1290 2852 1351 postea
2885 1288 2941 1334 ut
2982 1280 3233 1333 Dominus
3262 1282 3524 1347 recubuit,

1946 1356 2000 1421 et
2024 1350 2484 1421 cumvauctoritate
2507 1349 2635 1405 dicit
2672 1349 2684 1405 Ξ
2717 1350 2937 1405 Nescitis
2974 1351 3094 1421 quid
3120 1353 3322 1421 fecerim
3345 1353 3524 1409 vobis?

1946 1415 2024 1470 Ac
2051 1419 2093 1472 si
2122 1419 2325 1475 diceret
2343 1462 2358 1484 ,
2386 1420 2502 1475 Non
2535 1421 2892 1477 intellexistis.
2924 1415 3129 1475 Nonne
3148 1439 3231 1475 vos
3256 1422 3423 1476 dicitis
3447 1443 3527 1478 me

1947 1484 2250 1559 _l_!agistrum
2287 1501 2333 1544 et
2370 1491 2681 1546 Dominum?
2717 1503 2763 1547 et
2785 1492 2906 1546 bene
2944 1493 3144 1557 dicitis;
3183 1494 3512 1550 suntetenim.

1946 1556 2434 1631 iiic'auctoritatem
2459 1563 2806 1617 demonstrat.
2829 1563 2999 1631 Ejecit
3029 1556 3252 1617 lorimim
3281 1564 3441 1623 servi.
3466 1578 3522 1617 et

1945 1626 2119 1704 induit
2157 1631 2261 1704 Dei
2305 1631 2550 1704 formam.
2591 1632 2781 1688 Nonne
2805 1626 2890 1687 eoi
2921 1650 3000 1687 me
3024 1633 3192 1704 dicitis
3220 1632 3522 1704 Magistrum

1944 1709 1991 1752 et
2016 1699 2330 1774 Dominum?
2366 1704 2428 1757 Si
2452 1704 2599 1774 igitur
2629 1720 2721 1773 ego
2761 1704 3008 1759 Dominus
3039 1714 3083 1758 et
3122 1699 3367 1772 Magister
3416 1707 3517 1757 lavi

1947 1772 2098 1846 pedes
2128 1783 2338 1846 vestros,
2364 1772 2551 1846 quanto
2576 1772 2737 1846 magis
2785 1791 2871 1830 vos
2917 1776 3101 1829 debetis
3140 1774 3268 1827 alter
3297 1776 3520 1846 ulterius

1944 1842 2094 1916 pedes
2119 1845 2323 1916 lavare?
2354 1842 2679 1916 Exemplum'
2691 1847 2825 1900 enim
2867 1846 2981 1899 dedi
3013 1847 3148 1900 vobis
3190 1845 3376 1916 (video
3408 1847 3518 1914 pie-

1946 1914 2069 1987 tatis
2112 1914 2413 1987 exemplum
2449 1914 2684 1987 fuisse),
2727 1926 2783 1971 ut
2823 1914 3244 1986 quemadmodum
3285 1932 3375 1985 ego
3422 1918 3519 1985 [cci

1942 1984 2200 2059 vob‘is,_ita
2227 1996 2275 2059 et
2302 2001 2388 2039 vos
2412 1984 2633 2041 invicem
2649 1984 2848 2059 faciatis
2884 1988 3058 2057 (Joan.
3088 1988 3171 2041 15.
3199 1984 3401 2059 12-15).

2013 2056 2067 2111 4.
2103 2055 2195 2109 llis
2226 2056 2295 2109 ita
2321 2059 2486 2127 gestis
2503 2055 2848 2113 accesserunt
2871 2055 2935 2113 ad
2956 2073 3076 2113 eum
3102 2058 3347 2127 discipuli
3364 2055 3515 2127 ejus,

1942 2133 1997 2198 e_t
2019 2127 2264 2198 dixerunt
2288 2145 2301 2181 :
2329 2126 2564 2192 Domine,
2582 2129 2662 2182 ubi
2694 2130 2765 2183 vis
2795 2146 3025 2198 paremus
3046 2129 3154 2194 tibi,
3174 2138 3225 2182 ut
3243 2126 3518 2184 manducrs

1948 2196 2193 2252 Pascha?
2224 2196 2353 2252 Vide
2400 2198 2491 2253 Dei
2522 2196 2933 2268 prmscientiam.
2963 2202 3083 2265 Ait,
3130 2198 3210 2253 Ite
3250 2199 3304 2252 in
3348 2202 3516 2253 civita-

1942 2278 2063 2342 tem,
2089 2341 2093 2342 ί
2116 2277 2167 2342 et
2207 2279 2430 2342 occurret
2467 2271 2603 2324 vobis
2649 2272 2798 2325 homo
2850 2273 3079 2342 lagonam
3108 2285 3251 2340 aqua:
3289 2283 3513 2339 portans.

1942 2338 2224 2413 Sequimini
2267 2356 2399 2413 eunt
2436 2357 2746 2413 quocumque
2784 2338 2940 2396 ierit':
2968 2353 3014 2395 et
3052 2338 3515 2413 iniiquanicumque

1941 2410 2146 2480 domum
2175 2411 2440 2475 introierit,
2471 2413 2621 2467 dicite
2646 2410 2850 2467 domino
2862 2413 3041 2465 domus
3064 2411 3341 2480 :Magister
3366 2410 3511 2474 dicit,

1943 2479 2159 2551 Tempus
2181 2498 2350 2554 meum
2361 2499 2520 2554 prope
2539 2494 2611 2538 est
2636 2500 2655 2538 :
2675 2484 2814 2551 apud
2837 2493 2882 2535 te
2913 2485 3045 2554 facio
3066 2479 3268 2535 Pascha
3288 2498 3402 2534 cum
3434 2487 3536 2541 dis-

1939 2556 2120 2623 cipulis
2148 2556 2291 2609 meis.
2328 2551 2392 2605 Et
2416 2554 2523 2623 ipse
2544 2556 2768 2609 ostendet
2796 2551 2933 2607 vobis
2957 2554 3269 2607 caenaculum
3297 2564 3513 2605 stratum

1940 2622 2131 2693 (Marc.
2160 2628 2246 2680 N.
2270 2622 2456 2685 12-15,
2478 2626 2664 2680 Matth.
2690 2625 2780 2680 26.
2816 2625 2927 2694 18).
2956 2624 3073 2679 Βιιο
3098 2623 3511 2690 observat,apo-

1937 2696 2196 2751 stolorum
2215 2700 2352 2770 viam
2365 2697 2545 2770 dirigit
2564 2707 2621 2751 ut
2642 2699 2969 2770 interrogent
2983 2695 3255 2770 dominum
3278 2696 3470 2770 domus
3498 2715 3512 2755 ;

1936 2776 2079 2823 etne
2107 2777 2291 2838 putent
2316 2765 2496 2837 ipsum
2513 2769 2759 2838 ignorare
2801 2766 3108 2838 locum,_a_it
3151 2765 3293 2817 illis:
3328 2767 3514 2821 Osten-

1936 2784 1992 2820 et
2011 2784 2079 2823 ne
2142 2784 2291 2821 uteut
2316 2784 2489 2837 ipsum
2513 2784 2759 2838 ignorare
2802 2784 3000 2828 locum,
3034 2784 3108 2817 ait
3151 2784 3293 2817 uiis:
3328 2784 3511 2821 Usten-

1936 2845 2018 2891 det
2036 2784 2173 2892 vobis
2187 2839 2498 2893 caenaculum
2521 2841 2712 2905 grande
2726 2848 2957 2893 stratum.
2976 2836 3033 2891 Si
3058 2836 3229 2890 locum
3244 2837 3511 2905 prmdicis,

1934 2921 2035 2963 cur
2055 2910 2329 2980 discipulis
2362 2910 2472 2976 ais,
2522 2906 2851 2979 lnterrogate
2891 2908 2963 2980 de
3012 2907 3168 2980 loco?
3200 2906 3513 2980 Piliusquani

1937 2976 2408 3049 interrogaremus,
2427 2982 2537 3051 jam
2559 2976 2861 3035 didicimus.
2887 2979 3083 3042 Etiam,
3102 2976 3291 3051 inquit,
3307 2976 3391 3032 me
3416 2980 3515 3032 de-

1935 3059 2023 3105 cet
2062 3054 2355 3119 przedicere
2384 3050 2441 3107 ut
2488 3055 2676 3116 Deum,
2706 3061 2758 3105 et
2789 3065 2883 3104 vos
2916 3065 3009 3119 par
3047 3059 3129 3103 est
3179 3050 3511 3119 interrogare

1935 3131 1993 3176 ut
2022 3122 2287 3194 homines.
2317 3122 2586 3194 Nusquam
2604 3132 2781 3194 autem
2803 3121 3048 3194 Christus
3076 3122 3384 3194 mysterium
3411 3130 3515 3175 tra-

1935 3193 2013 3248 dit
2040 3195 2092 3248 iu
2124 3192 2415 3251 humilibus
2443 3192 2594 3259 locis,
2619 3192 2715 3249 sed
2739 3195 2791 3248 in
2811 3192 3100 3248 montibus.
3123 3199 3215 3243 aut
3239 3193 3291 3247 in
3325 3207 3509 3247 cuina-

1933 3266 2092 3319 culo:
2118 3264 2248 3319 nihil
2267 3266 2410 3319 enim
2435 3266 2487 3319 in
2516 3264 2731 3320 Christo
2761 3264 3019 3317 inﬁmum.
3072 3262 3198 3316 Ideo
3236 3278 3355 3317 cuin
3383 3278 3513 3331 apo-

1934 3336 2056 3389 stoli
2087 3337 2559 3404 supervenientem
2606 3334 3210 3405 accepermitWSpiritum
3241 3344 3508 3400 sanctum,

1936 3405 1988 3478 in
2036 3403 2312 3461 caenaculo
2356 3408 2662 3478 congregati
2707 3403 2879 3461 erant.
2926 3404 3096 3478 Tun_c,
3151 3403 3345 3478 inquit,
3371 3406 3512 3478 misit

1934 3477 2062 3548 duos
2091 3494 2154 3530 ea:
2199 3474 2485 3548 discipulis'
2498 3474 2625 3544 suis,
2654 3486 2710 3531 ut
2741 3486 2993 3547 pararent
3017 3474 3253 3548 Pascha.
3282 3476 3509 3548 Quinam

1934 3546 1987 3601 hi
2014 3556 2166 3603 erant
2183 3549 2207 3602 7
2225 3545 2413 3603 Petrus
2439 3559 2492 3604 et
2506 3545 2759 3605 Joannes;
2784 3548 2892 3603 Cur
2910 3562 2974 3601 ex
2994 3545 3272 3601 duodecim
3299 3547 3511 3599 Petrum

1934 3628 1989 3674 et
2013 3620 2273 3673 Joannem
2305 3620 2486 3674 misit?
2531 3620 2721 3674 Petrus
2742 3628 2858 3672 erat
2882 3619 2972 3687 qui
3005 3616 3285 3687 confessus
3308 3615 3508 3678 fuerat,

1936 3688 2069 3754 Quia
2107 3700 2161 3743 tu
2188 3706 2240 3743 es
2269 3690 2498 3744 Christus
2526 3689 2694 3745 Filius
2730 3688 2827 3743 Dei
2871 3686 2965 3742 rivi
3000 3686 3213 3812 SMatth.
3251 3687 3338 3741 16.
3374 3688 3464 3750 17)
3494 3703 3508 3738 :

1936 3760 2169 3812 Joannes
2197 3776 2325 3812 vero
2365 3762 2747 3812 nrazdicaturus
2790 3770 2940 3812 erat.
3034 3776 3067 3811 η
3113 3758 3359 3812 nrincivio
3406 3767 3508 3810 erat

1932 3760 2169 3815 Joannes
2197 3776 2325 3816 vero
2365 3762 2747 3830 praedicaturus
2790 3770 2940 3830 erat,
3001 3758 3067 3812 ln
3107 3758 3359 3830 principio
3384 3767 3513 3830 _erat

1944 3831 2176 3897 Verbum,
2197 3845 2243 3885 et
2278 3827 2493 3885 Verbum
2514 3842 2622 3886 erat
2648 3832 2788 3902 apud
2814 3829 3000 3896 Deum,
3020 3839 3066 3884 et
3096 3828 3229 3902 Deus
3253 3839 3358 3902 erat
3381 3827 3513 3902 Yet-

1933 3904 2048 3957 bum
2076 3902 2256 3971 (Joan.
2285 3903 2336 3956 1.
2368 3904 2445 3974 1).
2474 3900 3054 3958 Mittitl'undamentum
3084 3900 3228 3974 ﬁdei,
3256 3900 3507 3974 etlilium
3542 3920 3545 3921 ν

1934 3975 2150 4028 tonitrni
2173 3990 2187 4038 ;
2217 3983 2274 4027 ut
2298 3974 2348 4027 in
2373 3972 2718 4029 fundamento
2744 3974 2954 4043 pietatis
2970 3972 3279 4044 mysterium
3304 3972 3510 4044 ﬁgeret,

1932 4055 1988 4099 et
2013 4046 2064 4099 in
2098 4046 2209 4099 ﬁlio
2232 4045 2451 4100 tonitrui
2468 4046 2689 4115 iustitiae
2712 4041 3357 4115 pra-ceptaiiulgurareiit.
3373 4041 3512 4094 Bur-

1930 4131 2025 4170 sus
2051 4132 2149 4171 cur
2169 4116 2384 4170 Petrum
2397 4126 2453 4171 et
2468 4112 2736 4171 'Joannem
2769 4112 2967 4170 mittit?
2984 4113 3055 4170 Ut
3078 4112 3388 4167 ostenderet
3418 4115 3514 4165 ho—

1932 4188 2191 4242 norabilis
2217 4188 2448 4256 coniugii
2478 4197 2534 4243 et
2552 4187 2874 4257 virginitatis
2922 4186 3123 4257 donum
3155 4182 3421 4257 espandi;
3455 4193 3512 4236 et

1932 4258 2154 4312 Pascha:
2184 4254 2460 4313 consortes
2494 4273 2614 4314 esse
2638 4254 2763 4312 tam
2801 4255 3144 4310 honorabiles
3173 4254 3509 4322 conjugatos,
3552 4254 3561 4261 ‘

1931 4344 2090 4400 quam
2120 4328 2374 4399 virgines,
2424 4329 2469 4383 si
2496 4340 2644 4385 recte
2670 4328 2869 4382 vivant.
2898 4326 3047 4400 Misit
3075 4324 3429 4400 virginitatem
3462 4337 3519 4400 et

1934 4395 2253 4454 lionorahile
2278 4400 2606 4470 coujugium,
2654 4410 2709 4453 ut
2739 4408 2926 4470 parent
2951 4397 3051 4451 sibi
3078 4395 3281 4449 Pascha
3316 4404 3427 4470 _:_ut
3465 4396 3517 4448 in

1932 4479 2113 4524 monte
2146 4465 2394 4542 Moysen"
2417 4465 2470 4525 et
2502 4471 2676 4542 Eliam
2699 4465 2975 4542 exhibuit,
3006 4481 3260 4542 _qi_iorum_
3282 4465 3419 4542 alius
3454 4480 3519 4518 ex

1934 4536 2527 4611 honorabili'conjugio
2549 4582 2564 4607 ,
2610 4541 2749 4595 alius
2785 4555 2853 4593 ex
2885 4536 3482 4611 virginitate__ln_lgebat_
3501 4552 3516 4598 ;

1936 4623 1991 4667 ut
2014 4622 2069 4666 et
2100 4606 2414 4667 honorabile
2444 4606 2752 4682 conjugiqu
2783 4621 2837 4666 et
2863 4606 3140 4682 virginitas
3155 4606 3394 4682 _Cliristo_
3416 4606 3514 4659 ad—

1932 4692 2154 4737 starent.
2175 4682 2303 4736 Nam
2326 4677 2589 4736 Desiderio
2602 4677 2879 4735 desideravi
2899 4682 2991 4734 hoc
3012 4677 3212 4731 Pascha
3237 4678 3521 4731 manduca-

1932 4772 1989 4807 re
2012 4753 2263 4807 vobiscum
2290 4752 2444 4824 (Luc.
2472 4753 2694 4822 22.15).
2725 4751 2842 4806 Νοη
2870 4754 2918 4824 vi
2946 4750 3188 4824 cogit_u_r,_
3202 4764 3311 4824 non
3329 4760 3515 4803 coacta

1931 4833 2016 4878 est
2047 4825 2257 4892 passio;
2299 4819 2405 4879 sed
2440 4819 2773 4878 voluntarius
2799 4819 3035 4877 animus;
3070 4819 3126 4875 Si
3160 4821 3421 4892 Dominus
3463 4830 3519 4892 ut

1936 4890 2252 4971 beneﬁcium
2282 4904 2560 4971 pra-staret
2587 4894 2741 4971 dixit,
2770 4892 3037 4947 Desiderio
3057 4891 3357 4971 desideravi,
3389 4890 3520 4971 quid

1933 4966 2173 5019 dicemus
2204 4962 2342 5019 nos?
2366 4965 2535 5019 Voces
2560 4966 2756 5034 quippe
2783 4977 2991 5018 nosuras
3017 4964 3240 5034 excipis,
3270 4962 3515 5034 Domine,

1935 5046 2117 5091 nostra
2149 5036 2377 5102 suscipis
2400 5030 2634 5105 peccata,
2656 5030 2722 5089 'e't
2766 5035 3036 5090 beneﬁciis
3065 5030 3365 5102 pra'lulges.
3409 5030 3519 5085 Nos

1934 5109 2115 5162 dicere
2155 5106 2436 5170 debemus,
2470 5105 2843 5160 Desideramus
2876 5106 3058 5159 videre
3102 5105 3347 5160 Pascha:
3375 5111 3432 5157 et
3459 5112 3514 5154 tu

1937 5195 2034 5233 nos
2059 5177 2380 5246 pravertis?
2405 5193 2471 5230 an
2513 5176 2631 5230 fons
2659 5190 2888 5247 unquam
2920 5181 3123 5245 appetit
3151 5176 3415 5239 sitientes,
3448 5188 3515 5226 an

1936 5250 2179 5304 sitientes
2213 5247 2457 5301 fontem?
2494 5263 2560 5299 an
2603 5263 2787 5301 mensa
2837 5248 3039 5317 appetit
3084 5248 3517 5317 esurientestan

1937 5321 2232 5374 esurientes
2252 5318 2537 5372 mensam?
2560 5317 2666 5372 Nos
2689 5314 2984 5387 dicere’par
3008 5326 3089 5371 est
3110 5318 3239 5370 illud
3261 5314 3474 5387 Davidis
3501 5331 3514 5366 :

1939 5389 2375 5455 Quemadmodum
2400 5389 2647 5443 desiderat
2675 5405 2847 5441 cervus
2872 5386 2939 5441 ad
2960 5390 3123 5455 fontes
3147 5402 3421 5455 aquarum,
3447 5386 3518 5437 ita

1937 5454 2187 5515 desiderat
2216 5461 2387 5513 anima
2414 5477 2524 5513 mea
2554 5460 2621 5512 ad
2665 5470 2729 5523 te,
2774 5458 2909 5512 Deus
2941 5454 3112 5526 (Psal.
3161 5454 3249 5511 41.
3302 5458 3374 5520 1).
3408 5454 3515 5509 Sed

1938 5536 2057 5602 quia
2082 5531 2415 5602 propositum
2443 5540 2527 5585 est
2554 5531 2856 5584 Servatoris
2883 5529 3220 5602 mysterium,
3257 5529 3368 5596 ipsa
3396 5526 3516 5602 glo:

1937 5597 2299 5671 riosa'passio,
2342 5602 2457 5669 ipsa
2500 5603 2771 5671 passionis
2802 5597 3017 5671 traditio
3036 5640 3049 5657 ,
3079 5612 3258 5652 sermo
3288 5597 3515 5671 tempori

1938 5667 2376 5740 cedat'oportetf
2420 5682 2478 5726 ut
2500 5667 2579 5727 'et
2604 5673 2693 5738 qui
2735 5672 2925 5725 sitiunt
2950 5668 3218 5733 fruantur,
3248 5678 3302 5722 et
3332 5667 3518 5740 ﬁdeles

1939 5739 2323 5797 conﬁrmentur
2349 5782 2363 5805 ,
2396 5753 2450 5796 et
2473 5744 2561 5813 qui
2606 5742 2932 5813 illuminandi
2962 5752 3113 5813 sunt,
3146 5741 3348 5813 pignus
3378 5739 3519 5813 accif

1943 5815 2110 5882 piant,
2132 5813 2420 5881 ﬁdelesque
2438 5809 2822 5867 custodiantur.
2845 5812 2920 5866 Ne
2946 5810 3069 5864 doni
3096 5809 3315 5864 obtentu
3333 5809 3518 5880 ieiunii

1942 5898 2157 5940 cursum
2189 5884 2384 5939 solvas.
2415 5884 2560 5939 Sicut
2590 5886 2678 5955 qui
2713 5886 2923 5955 longam
2954 5898 3205 5937 emensus
3230 5892 3316 5936 est
3352 5883 3511 5947 viam,

3081 5978 3159 6036 [ιὸ
