4082 6400
368 357 463 414 πί
1483 347 1710 406 SERMO
1746 342 2269 404 CATECHETICUS
2309 344 2374 399 IN
2414 344 2698 402 PASCHA.

366 470 609 541 gratiam,
637 482 796 541 quam
825 463 947 522 dedi
970 462 1063 541 tibi
1084 482 1096 518 :
1114 477 1207 541 vas
1226 462 1367 541 enim
1398 462 1667 541 indignum
1695 476 1940 541 unguen:

371 532 477 593 ium
508 532 723 595 cades-te
745 538 885 592 ferre
909 537 1110 607 nequit.
1140 535 1277 603 Quid
1313 546 1475 604 porro
1497 532 1669 607 dicam
1685 532 1940 607 de‘Juda?

373 610 560 664 Petrus
594 609 681 678 qui
707 609 910 663 clavem
955 603 1112 678 regni
1160 607 1411 678 caelorum
1448 605 1692 678 accepit,
1740 603 1938 678 Regem

371 681 555 747 gloriae
584 674 771 733 videns
795 674 1105 733 cruciﬁxum
1126 717 1142 742 ,
1173 675 1393 747 abjectis
1422 674 1891 747 clavibusgaufugit
1922 689 1935 726 :

372 744 425 804 et
451 750 590 805 latro
609 751 699 818 qui
728 749 1000 803 hominum
1024 747 1175 818 fores
1191 746 1484 818 aperieliat,
1509 747 1622 813 ipse
1640 744 1817 818 claves
1844 759 1937 818 pa-_

373 821 532 875 radisi
564 814 756 887 rapuit.
790 818 979 873 Petrus
1006 817 1095 887 qui
1126 815 1289 887 dixit,
1313 814 1375 887 Si
1392 814 1681 887 raportuerit
1711 814 1939 887 memori

373 833 532 875 rauist
564 833 756 887 rapuit.
790 833 979 873 Petrus
1006 833 1095 940 Ἡι
1126 833 1278 875 atxtt,
1313 833 1372 869 οι
1402 833 1681 883 oportuerit
1711 833 1791 868 me
1809 833 1937 895 mori

368 901 549 955 tecum,
576 905 677 944 non
705 897 753 942 te
782 889 1009 958 negabo(
1076 886 1204 940 atth.
1225 885 1313 940 26.
1346 885 1415 939 35
1447 886 1464 958 )
1489 926 1505 951 ,
1561 896 1642 939 ter
1684 894 1894 958 negant
1921 900 1937 947 ;

376 969 430 1013 et
456 962 592 1013 latro
620 962 710 1028 qui
733 975 838 1014 non
849 956 1351 1028 'voce'promiscrat,
1371 956 1463 1028 sed
1487 969 1688 1028 regcum
1713 956 1824 1021 ipsa
1855 970 1940 1007 re-

371 1024 703 1084 surrectione
741 1024 1083 1089 moriebatur,
1132 1027 1380 1081 dicebat:
1414 1024 1646 1087 Domine,
1695 1034 1940 1077 memento

371 1100 489 1165 mei,
512 1116 626 1153 cum
652 1100 843 1153 veneris
868 1099 920 1150 in
945 1114 1154 1166 regnum
1200 1107 1360 1149 tuum.
1408 1096 1568 1150 Latro
1617 1094 1941 1164 principatus

368 1180 425 1223 et
452 1179 739 1237 potestates
765 1184 868 1222 non
899 1169 1117 1227 metuit;
1143 1176 1196 1220 rt
1213 1167 1402 1221 Petrus
1425 1166 1611 1237 puella:
1638 1166 1808 1237 m_i_nas
1833 1179 1939 1237 non

371 1233 508 1293 tulit.
531 1240 695 1302 Latro
716 1238 1003 1300 clamabat,
1054 1237 1268 1290 Domine
1296 1253 1318 1302 ,°
1347 1246 1400 1289 et
1426 1236 1638 1300 Petrus,
1671 1233 1792 1288 Non
1823 1235 1941 1288 novi

370 1312 503 1363 hunc
528 1303 801 1372 ﬂaminem,
829 1322 987 1378 quem
1007 1308 1162 1376 paulo
1191 1319 1315 1378 ante
1347 1306 1540 1378 Filium
1570 1303 1938 1378 Dei_voca_hat.

368 1379 559 1434 Petrus
591 1380 680 1449 qui
726 1372 885 1447 supra
929 1372 1410 1449 ma'reramhulavit,
1440 1374 1684 1449 eumqui
1718 1372 1941 1449 pedibus

370 1444 639 1503 humidam
665 1444 907 1503 naturam
929 1448 1188 1507 calcabat,
1214 1448 1461 1517 negavit;
1486 1447 1713 1517 etlatro
1731 1444 1822 1517 qui
1850 1460 1941 1498 su-

371 1536 461 1587 pra
490 1520 644 1572 dorsa
669 1519 830 1572 maris
849 1533 953 1573 nou
980 1512 1363 1587 atnbulaverat,
1398 1516 1497 1587 sed
1539 1512 1779 1587 divitutn_
1797 1512 1941 1570 fores

366 1584 608 1653 adierat,
653 1588 937 1655 clamabat,
967 1586 1202 1641 Domine.
1236 1587 1354 1641 Filii
1376 1586 1621 1641 Zebedzei
1647 1584 1937 1655 dicebant,

371 1657 648 1714 Possumus
674 1659 841 1713 bibere
880 1653 1109 1723 calicem,
1158 1674 1305 1727 quem
1348 1658 1591 1712 bibiturus
1621 1672 1671 1709 es
1696 1661 1717 1727 (
1744 1653 1936 1707 Matth.

368 1729 457 1783 20.
482 1729 623 1801 22);
660 1730 741 1801 hic
760 1730 870 1798 jam
900 1730 1036 1783 calix
1067 1728 1272 1793 aderat,
1291 1736 1352 1801 at
1364 1728 1455 1801 illi
1486 1727 1672 1801 caligis
1697 1738 1938 1801 tempore

369 1794 655 1874 fugerunt:-
680 1794 816 1874 latro
841 1808 1019 1874 autem
1038 1813 1102 1874 ex
1133 1813 1293 1852 manu
1315 1798 1551 1874 filiorum
1582 1794 1828 1874 Z_ebeda:i
1850 1808 1940 1874 ca-

368 1866 524 1924 licem
553 1870 801 1924 salutaris
826 1870 1023 1936 rapuit.
1050 1869 1232 1924 dicens
1257 1886 1269 1922 :
1303 1868 1526 1936 Calicem
1542 1866 1780 1921 salutaris
1807 1866 1941 1936 acci-

368 1941 507 2020 giam
533 1979 549 2004 ,
591 1950 636 1994 et
672 1956 866 2020 nomen
893 1934 1409 2020 ‘D-ominininvacabo
1460 1935 1648 2020 (.Psai.
1674 1938 1798 2015 HS.

368 2005 601 2063 Thomas
624 2053 639 2075 ,
672 2009 1219 2081 incomprehensibilis
1261 2005 1495 2081 mysterii
1524 2009 1765 2062 curiosus
1785 2005 1937 2081 indas

366 2090 537 2148 gator,
563 2080 939 2149 condiscipulis
960 2081 1169 2135 dicebat
1198 2097 1211 2133 :
1245 2079 1436 2133 Eamus
1463 2088 1508 2134 et
1526 2095 1636 2141 nos,
1668 2088 1720 2131 ut
1746 2079 1938 2149 moria-

369 2147 483 2203 ntur
508 2167 620 2204 cum
647 2149 738 2203 illo
768 2147 973 2220 _(‘Joan.
1013 2152 1100 2205 Η.
1128 2152 1197 2205 16
1227 2152 1277 2220 );
1304 2160 1359 2206 et
1396 2166 1516 2206 cum
1544 2150 1692 2220 illum
1720 2147 1938 2220 cruciﬁ-

369 2235 494 2273 xum
518 2220 666 2283 vidit,
687 2218 909 2290 aufugit.
938 2218 1261 2276 Crucilixum
1287 2222 1449 2290 videt,
1477 2230 1530 2274 et
1555 2219 1716 2288 fugit;
1747 2219 1939 2290 susci-

370 2301 536 2344 talum
564 2290 742 2351 videt,
772 2288 1077 2355 et‘duhitat,
1108 2291 1293 2346 dicens
1318 2311 1331 2346 :
1371 2289 1488 2344 Nisi
1512 2291 1694 2344 misero
1721 2288 1937 2359 digitum

366 2378 529 2414 meum
555 2363 608 2415 in
637 2362 856 2428 ﬁxuram
899 2361 1156 2415 clavorum
1177 2402 1191 2425 ,
1221 2372 1268 2415 et
1308 2378 1511 2415 manum
1554 2376 1712 2412 meam
1734 2360 1937 2415 inlatus

367 2434 498 2503 ejus,
532 2449 632 2485 non
670 2432 873 2487 credam
904 2430 1077 2503 (Ibid.
1104 2433 1193 2487 20.
1216 2432 1286 2503 25
1309 2436 1346 2499 ).
1380 2434 1449 2486 At
1475 2432 1737 2503 benignus
1768 2431 1931 2495 Deus,

365 2501 456 2571 qui
506 2511 724 2572 propter
772 2500 931 2555 unam
971 2516 1124 2557 ovem
1151 2500 1421 2573 profectus
1456 2510 1579 2573 est,
1608 2500 1749 2573 hanc
1775 2516 1932 2573 unam

363 2571 520 2626 ovem
561 2571 667 2642 non
715 2573 965 2642 negligit;
1025 2573 1119 2628 sed
1155 2571 1313 2627 illam
1379 2572 1615 2627 humeris
1671 2571 1932 2642 imponit,

365 2652 421 2696 et
466 2642 540 2695 ait
569 2641 763 2714 :_fn[er
791 2640 1005 2696 'manum
1054 2652 1195 2696 tuam
1242 2644 1373 2707 huc,
1416 2653 1465 2695 et
1502 2643 1654 2714 _mitte
1690 2640 1763 2697 in,
1799 2640 1934 2694 latus

365 2728 550 2771 meum.
599 2712 860 2767 Lanceam
901 2714 1083 2767 militis
1126 2714 1373 2775 sustinui,
1402 2721 1460 2767 et
1486 2712 1763 2767 dexteram
1800 2725 1935 2778 apo-

364 2784 606 2837 stolicam
650 2798 755 2837 non
781 2784 986 2837 feram?
1039 2783 1165 2845 Sed.
1211 2800 1245 2837 ο
1272 2783 1533 2838 bonorum
1559 2783 1698 2837 latro
1734 2791 1788 2837 et
1822 2794 1937 2849 rapo

367 2862 451 2925 tor
482 2854 500 2924 (
530 2863 580 2908 te
601 2854 744 2909 enim
771 2854 1015 2925 alloquor
1041 2854 1084 2925 ),
1108 2853 1271 2925 furari
1302 2852 1555 2916 didicisti,
1578 2852 1801 2925 credere
1824 2866 1931 2906 non

363 2922 595 2979 didicisti
624 2940 639 2980 ι
672 2939 775 3005 non
805 2922 946 3005 fuisti
973 2922 1284 3005 discipulus,
1312 2932 1368 2978 et
1395 2922 1664 3005 quomodo
1708 2922 1930 2977 Creato-

365 3010 476 3047 rem
505 3009 661 3049 vocas
690 2994 946 3049 dicendo:
973 2994 1204 3059 Domine,
1233 3002 1477 3047 memento
1503 2994 1619 3057 mei,
1645 3009 1760 3046 cum
1788 3007 1936 3045 vene-

364 3065 433 3135 ris
451 3064 501 3117 in
516 3082 723 3135 regnum
745 3074 883 3118 tuum
905 3064 931 3117 .9
958 3064 1125 3135 Recte
1147 3066 1393 3135 loquutus
1419 3078 1498 3129 es,
1520 3066 1605 3132 pic
1631 3061 1928 3135 credidisti.

362 3133 496 3187 Cum
543 3133 781 3204 periculo
819 3150 963 3203 saepe
987 3133 1195 3189 furatus
1215 3148 1274 3189 es
1295 3176 1309 3199 ,
1341 3134 1560 3188 divitum
1619 3133 1933 3202 pleramque

368 3203 646 3259 thesauros
682 3205 956 3273 aperuisti,
986 3216 1040 3259 et
1063 3205 1220 3259 talem
1251 3218 1537 3274 numquam
1590 3203 1929 3274 margaritam

366 3275 635 3337 invenisti,
661 3272 833 3343 qualis
852 3274 1099 3329 Christus
1114 3285 1249 3329 erat.
1287 3272 1572 3342 Apostolus
1603 3288 1707 3326 non
1742 3272 1885 3327 fuisti
1910 3313 1925 3336 ,

364 3358 469 3397 non
517 3342 706 3399 audisti
738 3345 1099 3415 Iegislatorem
1125 3344 1429 3399 dicentem:
1485 3342 1739 3399 Videbitis
1767 3343 1932 3397 vitam

3515 350 3632 407 ’ἅτ

2045 470 2276 534 vestram
2317 459 2636 534 pendentem
2665 460 2701 534 (ν
2720 459 3070 534 φωλεία
3098 460 3154 534 );
3184 469 3240 518 et
3264 463 3534 533 quomodo
3556 480 3623 521 ex

2046 533 2193 614 ligno
2209 532 2368 586 vitam
2397 532 2879 614 excerpsistiiNon
2906 532 3307 614 audistilsaiatn
3332 534 3621 614 dicentem:

2046 602 2239 657 Livore
2278 604 2541 670 passionis
2567 603 2704 670 ejus,
2739 602 3010 657 hominum
3038 604 3162 658 vitia
3188 604 3450 660 medelam
3477 608 3620 662 acci-

2048 618 2239 657 LIVOI'e
2314 618 2541 657 assioms
2567 618 2704 670 ejus,
2739 618 3010 657 nominum
3038 618 3162 658 vma
3188 618 3450 660 medelam
3477 620 3620 662 acci-

2048 672 2200 742 piunt
2228 672 2246 743 (
2274 618 2403 725 Ysai.
2427 674 2515 729 55.
2557 672 2591 727 5
2622 673 2674 742 );
2707 683 2759 727 et
2790 672 3058 741 quomodo
3089 675 3231 729 vitiis
3251 676 3512 730 medelam
3536 677 3624 731 iu-

2046 744 2239 799 venisti
2260 743 2284 796 ?
2308 743 2502 809 Etiam,
2521 743 2691 813 inquit
2714 743 2866 807 latro,
2894 744 3080 798 orbem
3112 752 3280 799 totum
3308 745 3465 800 video
3487 760 3621 801 con-

2046 828 2261 887 cussum
2313 823 2366 867 et
2408 823 2719 887 trementem
2746 854 2762 887 ε
2799 813 3033 887 et_orbis
3075 814 3362 887 Dominum
3400 815 3452 870 in
3474 816 3623 887 ligno

2046 884 2367 953 pendentem
2385 898 2637 952 agnoseo.
2656 882 2764 938 Nisi
2792 884 2934 939 enim
2966 886 3430 942 liicuniversorum
3456 882 3622 940 Grca-

2046 962 2131 1008 tor
2159 963 2324 1019 esset,
2343 954 2421 1007 sol
2454 953 2601 1008 illum
2632 954 2818 1009 videns
2848 955 3071 1016 nudum,
3095 970 3161 1009 ex
3187 956 3485 1011 reverentia
3512 974 3620 1011 non

2046 1024 2371 1078 occultasset
2397 1024 2575 1079 radios
2594 1038 2723 1078 suos
2750 1037 2849 1078 nec
2876 1025 2966 1080 Dei
3000 1025 3245 1080 inimicos
3272 1026 3622 1082 obtenebras-

2045 1102 2149 1148 set.
2179 1093 2293 1148 Nisi
2320 1104 2464 1148 esset
2492 1093 2578 1148 hic
2594 1095 2851 1149 Conditor
2877 1095 2992 1149 caeli
3011 1102 3065 1148 et
3093 1104 3249 1150 terra:
3269 1096 3509 1159 :cazlum,
3529 1097 3621 1152 ubi

2047 1163 2220 1230 ipsum
2250 1163 2378 1217 vidit
2404 1165 2737 1230 crucifixum,
2767 1164 3016 1219 tenebras
3048 1173 3106 1219 ut
3132 1181 3345 1220 saccum
3394 1182 3499 1220 non
3533 1168 3617 1220 in-

2089 1235 2275 1289 uisset.
2304 1233 2415 1288 Nisi
2436 1242 2581 1289 esset
2606 1233 2692 1289 hic
2716 1235 2974 1289 universa:
3002 1245 3154 1289 terra!
3185 1236 3462 1301 Dominus,
3509 1252 3617 1293 nou
3676 1286 3677 1289 η

2046 1303 2137 1358 illa
2166 1304 2479 1373 sanguinem
2507 1319 2573 1358 ex
2596 1303 2762 1358 latere
2785 1305 2902 1372 ejus
2923 1305 3218 1373 excipiens,
3246 1321 3276 1360 a
3297 1305 3620 1361 fundamen-

2045 1374 2118 1427 tis
2142 1383 2405 1428 commota
2430 1374 2636 1428 fuisset.
2655 1373 2766 1429 Nisi
2794 1384 2939 1429 esset
2968 1374 3055 1430 hic
3080 1377 3267 1430 mortis
3295 1386 3350 1430 et
3364 1378 3485 1431 vitae
3511 1377 3619 1431 Do-

2046 1444 2244 1508 minus,
2272 1458 2418 1499 mors
2439 1445 2507 1526 ad
2532 1444 2678 1526 illum
2704 1444 2967 1500 accedens
2990 1460 3095 1526 non
3120 1448 3619 1526 prostratafuisset,

2044 1528 2146 1583 nec
2176 1524 2515 1568 monmnenta
2532 1525 2836 1569 sanctorum
2853 1524 3034 1583 aperta
3068 1514 3311 1571 fuissent.
3334 1515 3444 1570 Nisi
3474 1527 3623 1572 esset

2048 1582 2135 1654 hic
2167 1583 2347 1654 templi
2386 1584 2659 1649 Dominus,
2694 1582 2970 1654 templum.
3003 1585 3090 1639 ubi
3113 1585 3243 1640 vidit
3263 1587 3409 1641 illum
3446 1588 3622 1641 cruci-

2049 1652 2236 1719 fixum,
2269 1652 2372 1709 non
2417 1655 2593 1709 velum
2623 1670 2777 1709 suum
2806 1652 3070 1710 scidisset.
3105 1654 3214 1710 Nisi
3246 1656 3332 1710 hic
3360 1666 3503 1713 esset
3529 1657 3575 1711 is
3598 1698 3616 1723 ,

2044 1726 2134 1795 qui
2164 1740 2266 1778 non
2297 1725 2405 1777 vult
2439 1732 2662 1796 mortem
2691 1735 3067 1794 peccatorum,
3099 1742 3204 1796 non
3249 1741 3463 1781 causam
3494 1742 3618 1796 pec-

2043 1793 2285 1849 catorum
2308 1794 2573 1863 precando
2601 1793 2800 1863 egisset
2829 1797 3013 1850 dicens
3041 1813 3054 1848 :
3091 1793 3263 1859 Pater,
3278 1796 3474 1851 dimitte
3492 1793 3619 1863 illis;

2044 1880 2147 1918 non
2173 1866 2304 1920 enim
2352 1866 2515 1918 sciunt
2556 1866 2678 1933 quid
2705 1867 2897 1936 faciunt
2940 1865 3230 1989 gLucdS.
3271 1868 3339 1922 54
3366 1872 3404 1935 ).
3452 1867 3620 1934 Hujus

2044 1935 2240 1989 auinnc
2267 1951 2409 1988 mors
2430 1936 2606 1989 omnia
2629 1938 2923 1989 constituit.
2989 1938 3229 1989 escendit
3251 1940 3392 1989 enim
3418 1941 3485 1989 ad
3530 1940 3618 1989 in-

2043 1935 2240 2004 quippc
2267 1951 2409 1988 mors
2430 1936 2606 1989 omnia
2629 1935 2923 1991 constituit.
2948 1935 3229 1992 Descendit
3251 1940 3392 1991 enim
3418 1941 3485 1991 ad
3530 1940 3618 1993 iu-

2043 2004 2206 2069 [ει-οδ,
2232 2014 2287 2058 et
2306 2019 2427 2059 cum
2454 2005 2700 2060 omnibus
2747 2007 2902 2061 istinc
2922 2008 3182 2063 ascendit.
3210 2007 3410 2063 Idcirco
3437 2010 3619 2063 excla-

2045 2091 2163 2149 mo:
2197 2074 2712 2149 Domine,_mement_o
2738 2078 2858 2130 mei.
2878 2076 2998 2149 Non
3020 2077 3171 2147 quasi
3200 2093 3417 2149 servum,
3447 2094 3578 2149 rogo
3599 2119 3615 2144 ,

2043 2144 2310 2204 Memento
2354 2146 2479 2210 mei,
2529 2160 2649 2199 cum
2674 2146 2809 2202 bene
2834 2148 2926 2203 tibi
2955 2144 3150 2212 fuerit;
3200 2148 3317 2203 sed.
3366 2144 3620 2203 Memento

2042 2219 2163 2289 mei.
2216 2231 2331 2289 eum
2364 2216 2573 2289 veneris,
2594 2218 2646 2271 in
2675 2233 2883 2289 regnum
2915 2228 3074 2271 tuum.
3112 2219 3177 2273 Et
3214 2218 3338 2288 quid
3365 2219 3430 2275 ad
3468 2219 3616 2274 illum

2041 2284 2336 2361 Dominus?
2358 2288 2516 2361 {tmen
2542 2288 2654 2341 dico
2684 2284 2790 2361 tibi,
2815 2290 2969 2361 ilio‘die
2997 2306 3190 2361 mecum
3211 2284 3309 2344 eris
3336 2290 3389 2344 in
3415 2292 3621 2361 paradi-

2040 2374 2117 2413 so.
2134 2356 2321 2414 Dicant
2343 2359 2419 2412 illi
2441 2370 2545 2411 tam
2562 2359 2792 2413 accurati
2812 2359 3145 2429 indagatores
3162 2359 3336 2415 incom
3345 2356 3621 2428 prehensi-

2044 2429 2169 2484 bilis
2188 2430 2573 2500 generationis,
2600 2430 2868 2500 quomodo
2893 2430 3027 2484 dixit
3060 2431 3270 2495 latroni,
3320 2430 3489 2484 Hodie
3512 2446 3618 2484 me-

2042 2517 2155 2552 cum
2195 2498 2302 2555 eris
2329 2502 2381 2553 in
2409 2498 2647 2569 paradiso
2698 2498 2715 2569 (
2747 2498 2872 2553 Luc.
2895 2500 2986 2555 ‘15.
3017 2501 3087 2556 45
3120 2502 3184 2571 )?
3225 2500 3338 2555 Hoc
3386 2502 3616 2571 primunt

2048 2571 2487 2639 interpretentur,
2521 2578 2576 2623 et
2616 2582 2741 2625 tunc
2784 2572 3191 2626 inenarrabilem
3237 2571 3355 2641 ejus
3411 2582 3619 2641 partum

2042 2641 2437 2709 aggredientur,
2464 2655 2621 2709 quem
2650 2642 2956 2711 prophetice
2976 2642 3189 2710 quidem
3213 2639 3430 2706 clamat,
3459 2639 3622 2694 Gene-

2039 2713 2284 2763 rationem
2338 2712 2449 2781 eius
2494 2711 2605 2781 quis
2660 2712 2911 2781 enarrabit
2937 2712 2963 2764 .9
3004 2714 3122 2781 quia
3166 2712 3360 2766 tollitur
3397 2712 3460 2765 de
3487 2721 3621 2764 terra

2040 2782 2288 2863 vita‘ejus
2320 2783 2338 2863 ς
2366 2779 2616 2863 Ιδαὶζὸὖε
2643 2781 2677 2836 8
2704 2780 2920 2863 ).'_li_ane
2951 2779 3108 2863 fidem
3144 2781 3335 2863 Patres
3364 2782 3620 2863 dilatave-

2042 2850 2297 2914 runt,'sic
2323 2850 2919 2919 incomprehen’sibilem
2947 2854 3117 2919 gloria
3140 2852 3433 2907 aifecerunt
3453 2893 3467 2915 ,
3496 2867 3617 2905 cre-

2040 2921 2226 2977 dentes
2249 2963 2264 2987 ,
2325 2937 2429 2975 non
2459 2922 2670 2976 curiose
2726 2933 3043 2977 scrutantes.
3093 2921 3264 2976 Hodie
3303 2938 3494 2975 mecum
3524 2924 3621 2975 eris

2042 2992 2095 3062 in
2126 2992 2383 3060 paradiso.
2407 2992 2639 3053 Dictum,
2661 3002 2711 3046 et
2736 2994 2932 3048 factum
2955 2992 3074 3047 fuit.
3095 2992 3312 3059 Verum,
3345 3006 3377 3045 o
3393 2992 3622 3062 benigna

2044 3061 2270 3117 Domine
2293 3104 2307 3125 ,
2355 3077 2542 3115 omnes
2569 3061 2697 3131 justi
2754 3072 2904 3116 extra
2953 3062 3255 3132 paradisum
3285 3073 3431 3124 sunt,
3463 3061 3616 3116 etla-

2049 3143 2254 3189 trunem
2280 3133 2332 3189 in
2357 3132 2659 3203 paradisum
2683 3132 2891 3187 inducis
2915 3133 2939 3185 ?
2968 3133 3140 3203 Etiam
3166 3173 3183 3198 ,
3208 3134 3471 3203 latronem
3505 3132 3618 3203 pri-

2048 3217 2192 3256 mum
2238 3203 2291 3257 in
2322 3202 2623 3271 paradisum
2653 3203 2867 3265 induco,
2899 3212 2957 3257 ut
2986 3202 3183 3257 mundo
3208 3202 3482 3268 suadeam,
3534 3215 3620 3255 "te

2042 3286 2150 3329 non
2167 3272 2596 3343 venissevncare
2612 3272 2810 3343 justos,
2832 3273 2927 3328 sed
2947 3282 3253 3343 peccatores
3274 3272 3341 3327 ad
3359 3273 3622 3342 paeniten-

2046 3342 2197 3398 tiam.
2217 3341 2321 3414 ipsi
2342 3340 2557 3397 Christo
2573 3342 2741 3414 gloria
2758 3344 2811 3398 in
2832 3340 3027 3399 mula
3049 3340 3390 3399 saeculorum.
3420 3346 3611 3397 Amen.

371 3507 3589 3552 ﬂgw—w—m.

1786 3733 2169 3797 MONITUM

363 3918 643 3986 molatum,
669 3920 870 3977 Christi
900 3936 1027 3977 vere
1060 3921 1182 3992 agni
1224 3936 1322 3991 pro
1359 3922 1532 3976 salute
1561 3920 1746 3975 mundi
1773 3919 2034 3975 immolati
2081 3919 2304 3992 ﬁguram
2333 3921 2536 3988 fuisse;
2568 3938 2756 3977 verum
2783 3921 2873 3977 hic
2895 3922 3141 3995 quisquis
3178 3925 3253 3981 sit
3287 3941 3614 4003 anonymus,

363 4034 450 4088 vel
471 4035 693 4089 minima
719 4051 946 4106 quaeque
973 4037 1025 4092 in
1055 4038 1243 4093 Exodo
1268 4039 1557 4103 recensita,
1584 4041 1654 4096 ad
1684 4040 1967 4097 Christum
1989 4050 2304 4107 mactatum,
2337 4040 2422 4097 vel
2447 4042 2515 4096 ad
2544 4041 2764 4097 Pascha:
2798 4040 3221 4099 celebrationem
3250 4044 3439 4110 refert,
3475 4062 3613 4116 qua-

362 4148 433 4204 lis
451 4150 593 4219 apud
621 4150 956 4206 Christianos
982 4152 1310 4222 persolvitur
1336 4170 1349 4207 :
1374 4163 1429 4209 et
1461 4155 1576 4210 hazc
1594 4156 1662 4210 ad
1690 4156 1961 4230 φλυαρίαν
1981 4174 2154 4229 usque
2182 4158 2435 4231 indagare
2454 4160 2666 4224 nititur,
2688 4161 3068 4233 saepequejam
3096 4161 3240 4219 dicta
3271 4164 3488 4234 repetit,
3510 4182 3615 4221 nec

363 4266 481 4320 sine
511 4267 728 4323 fastidio
766 4269 1011 4339 legentis.
1041 4270 1318 4340 Septimus
1356 4281 1537 4328 autem
1570 4289 1751 4329 sermo
1780 4282 1928 4332 totus
1953 4276 2096 4333 circa
2123 4258 2265 4332 diem
2294 4277 2672 4333 celebrationis
2706 4278 3002 4345 Pascbatis,
3035 4288 3092 4335 et
3128 4281 3273 4336 circa
3302 4282 3618 4353 paschalem

362 4385 571 4457 cyclum
595 4395 859 4443 versatur.
885 4389 1034 4445 Hanc
1059 4405 1173 4445 rem
1199 4393 1358 4447 unice
1384 4400 1619 4448 tractant
1650 4409 1744 4448 sex
1768 4394 1956 4465 prima:
1984 4394 2276 4451 orationes.
2307 4395 2384 4451 De
2406 4398 2635 4467 septima
2662 4414 2813 4464 vero,
2838 4414 2958 4469 qua!
2980 4407 3090 4453 tota
3120 4408 3203 4454 est
3228 4399 3285 4454 in
3308 4401 3621 4457 ordinando

364 4505 515 4573 cyelo
547 4508 808 4577 paschali,
833 4525 1061 4580 quasque
1086 4511 1156 4567 de
1178 4512 1266 4567 die
1293 4511 1574 4568 Pascbatis
1598 4505 1827 4585 singulis
1853 4514 2014 4571 annis
2037 4516 2423 4573 constituendo
2444 4517 2690 4589 pluribus
2715 4518 2973 4589 disputat,
3004 4520 3062 4575 in
3090 4518 3270 4574 frortte
3302 4518 3452 4574 illius
3472 4519 3615 4575 infra

363 4636 605 4691 agemus.

375 4806 1623 4833 _——————I——————-—-—-

1277 4975 1489 5020 θεειΜο
1530 4975 2002 5021 (ΞΔΤΕΟΗΕΤῙΟῦε
2034 4979 2099 5021 IN
2143 4980 2434 5024 SANCTUM
2476 4980 2735 5026 PASCHA.

429 5093 491 5166 _Sir
522 5093 643 5164 quis
672 5094 789 5163 pius
818 5103 873 5148 et
906 5094 1194 5166 religiosus
1216 5136 1232 5160 ,
1280 5096 1327 5150 is
1366 5097 1570 5153 fruatur
1611 5098 1710 5154 hac
1755 5110 1936 5156 sancta

366 5164 683 5248 celebritate
700 5182 713 5216 :
746 5166 797 5247 si
828 5164 1174 5248 quisservus
1214 5166 1410 5248 probus
1435 5208 1450 5228 .
1499 5169 1659 5248 iu_tre_t
1689 5170 1867 5248 _l.'etus_
1884 5172 1936 5226 in

368 5234 615 5300 gaudium
647 5234 855 5289 Domini
898 5236 977 5289 sui
1022 5252 1035 5288 :
1078 5235 1124 5289 si
1153 5234 1273 5304 quis
1308 5237 1597 5305 jejunando
1636 5239 1935 5305 laboravit,

370 5319 508 5357 tmuc
534 5306 760 5375 accipiat
791 5305 1078 5380 denarium
1112 5306 1203 5380 :_si
1231 5307 1402 5380 quisa
1436 5311 1601 5374 prima
1634 5309 1761 5363 hora
1807 5326 1937 5380 ope-

368 5385 513 5429 ratus
542 5374 665 5448 est,
692 5376 918 5448 accipiat
944 5374 1101 5448 hodie
1130 5374 1179 5428 id
1207 5376 1346 5445 quod
1368 5377 1573 5448 justum
1596 5388 1715 5442 est;
1745 5381 1789 5434 si
1817 5374 1935 5448 q'uis

369 5454 487 5507 post
516 5445 721 5498 tertiam
747 5447 921 5509 venit,
951 5445 1147 5515 gratias
1173 5459 1336 5514 agens
1359 5445 1552 5502 festum
1579 5449 1816 5505 celebret
1835 5445 1860 5504 Ξ
1889 5451 1933 5506 si

364 5528 484 5585 qius
512 5522 631 5583 post
652 5524 862 5585 sextam
890 5516 1073 5569 horam
1099 5516 1363 5585 accessit,
1408 5533 1478 5573 ne
1503 5519 1744 5585 dubitet;
1798 5521 1931 5576 nihil

363 5584 505 5657 enim
534 5584 721 5657 perdet
740 5602 763 5657 ς
790 5588 835 5640 si
860 5586 980 5657 quis
1009 5584 1245 5657 tardavit
1265 5601 1431 5657 usque
1457 5589 1523 5643 ad
1550 5584 1744 5646 nonam
1769 5634 1785 5657 ,
1831 5607 1926 5647 ac-

360 5653 514 5727 cedat
536 5656 654 5709 sine
682 5655 786 5710 ulla
811 5653 1141 5727 dubitatione
1168 5673 1181 5708 :
1207 5656 1251 5711 si
1277 5653 1395 5727 quis
1418 5659 1696 5716 undecima
1725 5653 1929 5717 tantum

361 5720 491 5778 hora
516 5727 661 5780 venit
684 5768 698 5797 ,
727 5742 794 5781 ue
821 5728 891 5783 ob
917 5726 1218 5783 tarditatem
1244 5720 1465 5786 metuat.
1493 5730 1626 5789 Cum
1652 5736 1794 5790 enim
1826 5736 1927 5791 Do-

2044 5103 2220 5158 minus
2264 5105 2497 5184 liberalis
2534 5108 2641 5184 sit,
2686 5108 2754 5162 ita
2771 5120 3115 5184 postremum
3153 5113 3379 5181 accipit,
3426 5124 3481 5168 ut
3511 5117 3620 5184 pri-

2045 5189 2189 5228 mum
2223 5193 2235 5229 :
2267 5176 2346 5230 sic
2372 5176 2424 5252 in
2453 5177 2955 5252 requiemadmittit
2979 5196 3099 5235 eum
3118 5224 3134 5246 ,
3179 5176 3578 5252 quiuu—decima
3604 5227 3620 5249 ,

2044 5253 2244 5323 ut_eum
2272 5285 2289 5309 ,
2317 5248 2406 5315 qui
2436 5263 2467 5299 a
2498 5249 2665 5323 prima
2695 5248 2825 5302 hora
2854 5258 3108 5323 Operatus
3134 5248 3219 5307 est
3243 5268 3258 5323 ;
3292 5248 3619 5323 postremum

2040 5314 2364 5379 miseratur,
2411 5326 2465 5370 et
2493 5314 2720 5394 primum
2752 5314 2945 5385 curat;
2978 5321 3051 5375 illi
3078 5320 3209 5394 dat,
3247 5314 3333 5378 hic
3352 5325 3616 5394 largitur:

2037 5394 2399 5460 etperactum
2440 5402 2574 5456 opus
2616 5388 2855 5454 honore,
2896 5399 2950 5444 et
2981 5388 3308 5460 propositum
3349 5388 3503 5448 laude
3535 5394 3619 5448 af-

2039 5455 2167 5508 ﬁcit.
2199 5452 2362 5530 igitur
2389 5452 2580 5513 intrate
2601 5474 2793 5530 omnes
2822 5452 3146 5530 inggaudiu'm
3175 5462 3384 5518 Domini
3427 5466 3615 5528 nostri,

2036 5533 2093 5579 et
2134 5525 2291 5594 primi
2332 5536 2385 5602 et
2414 5528 2633 5602 secundi
2680 5525 2981 5602 mercedem
3029 5533 3287 5602 recipite,
3330 5533 3522 5589 divites
3564 5525 3619 5590 et

2038 5609 2297 5675 pauperes
2320 5597 2733 5675 simulchoreas
2753 5600 2924 5675 agite;
2954 5597 3312 5675 temperantes
3347 5614 3401 5660 et
3421 5618 3616 5675 segnes

2033 5663 2176 5745 diem
2208 5666 2411 5745 honore
2436 5668 2661 5745 afiicite;
2690 5663 3121 5745 quijjeju—nastis,
3153 5683 3209 5729 et
3232 5675 3321 5745 qui
3345 5690 3448 5730 non
3469 5663 3609 5745 jeju-

2033 5738 2241 5806 uastis,
2289 5738 2447 5797 hodie
2471 5738 2743 5797 Intuemini.
2790 5738 2971 5801 Mensa
2996 5738 3131 5801 cibis
3156 5738 3351 5805 refcrta
3376 5738 3502 5812 est',
3522 5738 3620 5800 'iis
