4082 6400
432 294 547 350 ῚΞὸν
582 327 586 335 ι

425 424 615 465 omnes
639 406 936 484 {inanimi}
963 404 1161 479 vitulus
1184 401 1405 484 grandis
1432 410 1516 484 est
1540 443 1555 465 .
1584 415 1751 484 nemo
1773 403 2021 484 esuriens

424 489 600 536 exeat.
652 476 909 535 Fruimini
958 476 1149 547 Omnes
1193 472 1537 547 benignitatis
1582 472 1804 531 divitiis.
1849 472 2019 527 Nemo

428 550 605 622 lugeat
627 549 696 605 ob
725 557 1094 622 paupertatem
1120 544 1143 613 ξ
1193 544 1399 622 prostat
1438 544 1581 601 enim
1618 560 1838 615 regnum
1870 559 2018 622 com-

430 616 592 676 mune
626 641 639 677 :
686 616 844 693 nemo
870 620 1052 693 lapsus
1078 616 1211 693 suos
1232 616 1430 693 deﬂeat
1455 633 1469 677 ;
1527 630 1649 693 nam
1678 632 1742 669 ex
1767 616 2019 693 sepulcro

426 703 539 748 orta
560 700 643 747 est
662 691 814 746 venia
845 707 858 743 :
882 686 1059 744 nullus
1081 686 1306 753 mortem
1331 687 1536 751 timeat;
1561 686 1805 741 liberavit
1822 687 2020 757 quippe

425 779 523 817 nos
573 777 717 817 mors
759 761 1097 823 Servatoris;
1141 776 1173 814 a
1225 759 1397 814 morte
1435 768 1622 825 captus
1658 768 1881 812 mortem
1926 774 2021 811 ex-

424 834 651 897 stinxit;
682 832 955 893 infernum
983 831 1280 900 castigavit,
1306 829 1394 899 qui
1420 830 1469 883 iu
1501 828 1764 882 infernum
1783 828 2019 900 descen-

428 904 543 982 dit;
574 919 817 982 amarum
846 901 1080 982 reddidit
1106 898 1229 958 eum
1255 943 1292 982 τι
1315 898 1436 982 cum
1466 907 1736 982 gustasset
1762 898 1829 954 de
1856 914 2021 953 carne

428 975 591 1043 ipsius
617 993 631 1029 :
658 974 814 1042 idque
834 975 960 1027 olim
983 973 1222 1043 clamans
1242 969 1379 1030 dixit
1400 968 1561 1043 Isaias
1583 988 1597 1024 :
1618 968 1861 1043 Infernus
1875 986 2023 1023 ama-

426 1039 513 1118 rita
533 1050 696 1116 factus
718 1039 791 1101 est
813 1043 968 1118 (lani.
991 1043 1076 1099 l9.
1102 1042 1179 1117 9).
1209 1042 1343 1098 Cum
1369 1042 1459 1118 tibi
1481 1041 1724 1118 occurrit
1751 1039 1885 1094 infra
1923 1055 2021 1108 po-

430 1112 573 1181 sito',
624 1112 842 1170 amarus
881 1114 1051 1171 Iactus
1077 1112 1193 1180 est;
1225 1130 1347 1167 nam
1376 1112 1620 1168 sublatus
1645 1120 1729 1166 est
1758 1128 1771 1165 :
1803 1126 2023 1166 amarus

428 1233 3233 1259 Mm

1924 283 2195 342 SPURIA.

3611 299 3723 354 73L

2124 404 2373 486 factuset
2399 407 2585 486 illusus
2609 416 2712 461 est.
2741 405 2945 479 Corpus
2972 410 3183 486 accepit
3200 422 3296 486 ,_et
3324 412 3489 469 Deum
3516 432 3710 486 appr-te.

2127 472 2361 556 hendit
2391 478 2597 556 accepit
2624 487 2825 556 terram
2849 472 2883 556 ζ-
2906 491 2970 556 _et
2997 472 3185 556 ciuium
3204 472 3457 556 invenit:
3506 472 3709 556 accepit

2123 545 2349 622 id‘quod
2390 545 2640 612 videbat,
2671 559 2747 622 et
2782 549 2967 606 incidit
2994 554 3044 606 in
3076 552 3125 607 id
3157 555 3299 622 quod
3328 573 3433 611 non
3476 545 3707 613 videbat.

2128 614 2359 696 (Ibiest,
2384 635 2590 696 Iners,“
2614 620 3036 696 stiniuhtstuus?
3079 614 3200 685 ubi,
3245 626 3465 696 inferne,
3504 630 3710 683 victoria

2124 689 2262 770 ιιιαο(
2287 688 2492 770 ιζςος.
2526 690 2611 746 15.
2640 690 2794 759 55)?
2824 690 3082 770 Christus_
3095 688 3332 750 surrexit
3353 738 3376 770 ,Α
3414 688 3467 753 et
3496 708 3549 753 ιιι
3579 700 3707 770 deji-

2123 759 2265 814 ceris
2298 759 2588 837 :_Chris_tus
2628 762 2902 837 surrexit,
2950 773 3006 819 et
3049 764 3322 822 daemones
3355 759 3495 837 lapsi
3544 759 3708 825 sani:

2125 831 2361 905 surrexit
2385 832 2630 886 Christus
2653 841 2707 886 et
2726 833 2958 903 gaudent
2980 836 3155 905 angeli
3183 857 3194 891 :
3221 831 3453 894 surrexit
3471 839 3714 896 Christus

2124 908 2181 955 et
2209 901 2392 955 nullus
2425 913 2666 958 mortuus
2696 901 2876 976 manet
2904 905 2956 976 in
2985 901 3255 976 sepulcro.
3297 908 3543 965 Christus
3571 906 3714 968 enim

2124 985 2412 1052 resurgens
2439 988 2502 1052 ex
2535 974 2760 1052 mortuis
2785 1016 2801 1039 ,
2837 974 3085 1052 primitias
3111 978 3489 1052 dormientium
3536 982 3708 1038 factus

2125 1051 2207 1166 :8!
2242 1059 2256 1097 :
2286 1044 2384 1109 ipsi
2424 1044 2595 1113 gloria
2625 1053 2680 1098 et
2723 1045 3005 1116 imperium
3038 1048 3091 1102 in
3131 1050 3328 1106 szecula
3373 1055 3712 1109 Steculorum.

2176 1127 2319 1166 men.

2176 1127 2319 1168 men.

1825 1318 1892 1363 IN
1936 1317 2176 1363 ΡΑςοΗΑ
2187 1347 2204 1361 .
2250 1319 2295 1363 ι.

488 1452 699 1510 Pascha
727 1461 995 1507 terrenum
1018 1448 1292 1506 celebrant
1315 1447 1506 1515 Judazi,
1533 1448 1623 1517 qui
1645 1447 1857 1505 czeleste
1880 1448 2010 1502 Pas-

424 1525 523 1580 cha
556 1531 817 1592 negarunt
850 1539 863 1575 :
898 1536 997 1576 nos
1027 1536 1155 1576 vero
1180 1522 1268 1589 qui
1295 1519 1508 1592 caeleste
1536 1518 2012 1592 Paschacejebra-

426 1610 546 1650 mus
566 1637 581 1658 ,
631 1590 901 1649 terrenum
930 1592 1387 1660 chtiperavimus.
1429 1590 1497 1645 Et
1534 1591 1676 1661 quod
1706 1590 1781 1644 illi
1812 1590 2013 1661 Pascha

427 1666 709 1735 perﬁciunt
727 1706 741 1729 ,
776 1664 961 1719 salutis
983 1664 1459 1735 primogenitorum
1480 1702 1496 1726 ,
1523 1660 1610 1735 qui
1635 1661 1773 1735 apud
1799 1660 2015 1735 Judaaos

426 1730 600 1801 erant,
632 1736 933 1808 symbolum
962 1734 1092 1797 fuit,
1124 1730 1337 1808 quando
1357 1747 1477 1808 cum
1507 1730 1881 1808 Egyptiorum
1909 1731 2013 1799 pri-

428 1803 710 1878 mogenitis
758 1805 1065 1861 Iudaeorum
1124 1805 1476 1878 primogenita
1527 1820 1631 1857 non
1702 1803 2009 1878 perierunt,

425 1874 546 1948 qua?
570 1894 664 1947 per
689 1878 1002 1948 sanguinem
1035 1874 1297 1944 pasChaIis
1327 1874 1554 1948 victimae
1578 1874 1872 1948 symbolice
1888 1890 2014 1948 ser-

426 1895 546 1948 qum
570 1894 664 1947 per
689 1893 782 1930 san
826 1893 1002 1931 uincm
1035 1893 1297 1944 pasenans
1327 1893 1554 1928 VICUIHIB
1579 1893 1872 1942 symuonce
1896 1893 2012 1927 ser-

426 1958 545 2003 vata
595 1958 719 2002 sunt
749 1966 760 2002 :
787 1893 998 2001 lE’ascha
1032 1961 1160 2002 vero
1203 1960 1234 1999 a
1280 1945 1432 1999 nobis
1458 1943 1787 1999 celebratum
1823 1944 2012 1998 salutis

429 2021 798 2073 universorum
825 2016 1100 2071 hominum
1129 2024 1288 2072 cauSa
1314 2026 1395 2071 est
1413 2056 1429 2081 ,
1461 2015 1765 2084 incipiendo
1790 2029 1817 2068 a
1842 2016 2016 2084 primo

429 2089 677 2154 ho‘mine,
705 2091 794 2160 qui
826 2089 877 2155 in
907 2088 1156 2143 euntibus
1183 2098 1428 2141 servatur
1450 2096 1505 2140 et
1532 2087 1846 2160 vivilicatur.
1880 2085 2014 2140 Par-

429 2172 510 2215 tes
539 2157 1099 2229 autem'perfectm'um
1122 2202 1138 2225 ,
1168 2167 1222 2213 et
1251 2168 1595 2226 tcmporanea
1625 2157 1710 2229 illa
1738 2197 1753 2222 ,
1787 2165 2013 2211 teteruo-

429 2248 547 2287 rmn
580 2227 838 2301 imagines
878 2241 931 2285 et
964 2230 1105 2301 typi,
1155 2230 1303 2301 prius
1334 2230 1631 2301 excogitata
1665 2227 1914 2301 fuerant,
1959 2236 2017 2282 ut

428 2299 714 2357 veritatem
744 2318 884 2357 nunc
913 2299 1175 2356 orientem
1205 2299 1583 2355 adumbrarent
1612 2316 1624 2351 :
1656 2299 1882 2353 veritate
1913 2313 2011 2351 au-

434 2383 543 2427 tem
576 2383 840 2443 prtesente
861 2415 877 2439 ,
911 2382 1067 2443 typus
1099 2369 1326 2440 tempori
1355 2368 1510 2443 cedat
1537 2379 1782 2443 oportet;
1830 2379 1887 2423 ut
1915 2369 2013 2443 ad~

432 2439 683 2499 veniente
716 2458 839 2515 rege
864 2485 879 2508 ,
931 2439 1108 2515 nullus
1128 2484 1144 2506 ,
1194 2439 1319 2512 rege
1357 2442 1589 2515 vivente
1620 2441 1808 2515 relicto
1831 2481 1846 2505 ,
1894 2439 2013 2508 ejus

430 2515 716 2583 imaginem
767 2510 992 2568 adorare
1038 2510 1305 2583 dignatur.
1357 2510 1493 2575 Hinc
1534 2527 1662 2567 vero
1700 2510 1874 2583 palam
1932 2520 2017 2565 est

428 2582 685 2654 quantum
731 2595 888 2656 typus
925 2585 1080 2639 cedat
1108 2582 1375 2656 veritati,
1416 2583 1556 2656 quod
1598 2592 1753 2654 typus
1795 2582 2013 2656 brevem

428 2653 663 2711 celebret
693 2653 854 2711 vitam
881 2656 1222 2711 Judaicorum
1254 2653 1726 2724 primogenitorum
1752 2696 1768 2721 ,
1820 2653 2016 2707 veritas

431 2737 609 2781 autem
661 2738 967 2797 perpetuam
1018 2726 1292 2780 hominmn
1316 2726 1572 2799 omnium
1618 2726 1801 2783 vitam.
1825 2724 2017 2799 ﬁeque

431 2799 575 2852 enim
606 2796 854 2869 magnum
896 2809 977 2851 est
1005 2807 1233 2869 mortem
1263 2796 1331 2852 ad
1359 2796 1519 2852 breve
1547 2806 1754 2869 tempus
1783 2796 2016 2865 cﬁ‘ugere

432 2882 577 2931 eum,
611 2867 712 2936 qui
729 2869 885 2938 paulo
914 2877 1035 2938 post
1061 2868 1349 2938 moriturus
1377 2876 1480 2932 est,
1513 2867 1607 2938 sed
1633 2883 1879 2934 magnum
1907 2869 2016 2921 uti-

432 2954 538 3007 que
566 2949 650 2994 est
678 2937 903 3011 mortem
918 2937 1144 3011 omnino
1169 2937 1420 3011 ell'ugere;
1453 2937 1593 3011 quod
1621 2938 1776 3011 nobis
1802 2940 2015 3011 contin-

434 3006 507 3074 git
532 3050 546 3073 ,
592 3010 787 3080 quibus
826 3009 1029 3080 Pascha
1060 3006 1364 3080 immolaius
1401 3016 1485 3080 est
1523 3006 1789 3064 Christus.
1836 3007 2016 3078 Ipsum

435 3080 553 3153 festi
584 3078 778 3136 nomen
794 3078 1047 3153 magnam
1076 3078 1292 3153 μηνίει-ι
1318 3078 1712 3153 excellentiam,
1744 3080 1790 3134 si
1819 3094 2014 3153 secun-

433 3150 560 3206 dum
587 3154 665 3206 rei
692 3146 971 3213 veritatéin
995 3146 1306 3220 explicetur.
1338 3150 1540 3205 Pascha
1566 3149 1708 3220 enim
1733 3146 2015 3219 transitum

434 3222 697 3293 signiﬁcat
719 3262 735 3287 ,
765 3223 908 3293 quod
938 3214 1281 3293 Hehrreorum
1312 3220 1502 3287 domos
1528 3214 1893 3293 per'transierit
1922 3236 2017 3275 ex-

438 3288 754 3348 terminatur
784 3288 892 3358 ille,
923 3288 1015 3364 qui
1044 3288 1392 3364 primogenita
1424 3289 1770 3361 percutiebat.
1815 3291 2017 3363 Trans-

434 3364 541 3434 itus
562 3380 720 3434 porro
735 3362 1164 3434 exterminatoris
1181 3362 1317 3431 apud
1341 3376 1439 3417 nos
1461 3377 1617 3416 verus
1643 3373 1745 3434 est,
1770 3364 1892 3432 quia
1919 3362 2018 3418 nos

436 3431 661 3490 intactos
692 3436 993 3500 pertransit,
1026 3433 1091 3490 ad
1118 3436 1279 3489 vitam
1324 3442 1578 3487 aeternam
1607 3448 1636 3486 a
1663 3431 1876 3490 Christo
1900 3450 2018 3490 sus-

435 3508 648 3562 citatos.
680 3504 767 3562 Sic
798 3515 963 3561 totum
986 3504 1205 3560 Pascha;
1226 3514 1594 3577 argumentum
1623 3505 1887 3573 speculari
1908 3509 2019 3577 Spi-

438 3578 701 3633 ritualiter
727 3587 972 3644 oportet,
1022 3586 1077 3631 et
1103 3574 1411 3644 apostolicis
1437 3577 1866 3631 enarrationibus
1894 3574 2015 3634 cre-

438 3593 701 3633 l'llllillllel'
727 3595 760 3631 0
835 3593 939 3633 Γωῐ
958 3619 972 3640 ,
1022 3593 1077 3631 Cl
1103 3593 1411 3644 aposwnus
1437 3593 1866 3631 enarrationmus
1894 3593 2014 3634 cre-

435 3650 585 3705 dere.
632 3593 831 3704 Ε’ιάςῖξέ
860 3663 1019 3717 porro
1053 3646 1323 3702 desiderat
1356 3654 1516 3717 totam
1543 3646 1725 3715 ﬁgurze
1754 3649 2014 3703 rationem

438 3721 735 3789 intelligere
755 3761 771 3787 ,
818 3716 1087 3789 quomodo
1118 3730 1310 3784 nempe
1339 3731 1397 3771 se
1427 3716 1622 3789 habeat
1658 3733 1783 3788 erga
1814 3721 2012 3774 verita-

437 3803 568 3857 tem,
594 3787 777 3863 atque,
806 3787 864 3844 ut
888 3791 957 3863 ita
985 3790 1180 3863 dicam,
1211 3787 1502 3863 spiritualia
1528 3801 1623 3863 sua
1651 3787 1747 3857 per
1775 3790 1859 3845 illa
1888 3793 2014 3863 olim

436 3858 694 3929 corporea
719 3862 1012 3931 speculari;
1044 3871 1101 3915 ut
1130 3858 1316 3930 legalis
1343 3858 1517 3914 omnia
1546 3860 1613 3913 ab
1637 3875 1695 3915 se
1724 3862 2013 3916 secundum

437 3934 706 3987 Christum
736 3940 917 3987 mente
948 3934 1337 4002 percipiantur,
1380 3936 1435 4002 et
1461 3944 1555 3998 per
1580 3932 1873 3999 spiritualia
1900 3935 2013 3988 cla—

437 4003 864 4072 riuscorporalia
896 4001 1287 4073 intelligantur.
1318 4011 1374 4057 et
1402 4001 1683 4056 invisibilia
1718 4003 2017 4067 visibilibus

632 4074 840 4143 depicta
885 4086 1195 4143 appareant.
1243 4073 1404 4142 Igitur
1435 4073 1576 4126 Deus
1606 4074 1868 4129 decimam
1899 4074 2014 4144 pla-

436 4162 557 4214 gam
587 4145 851 4216 Aigyptﬁs
881 4145 1178 4199 inﬂictnrus
1206 4147 1225 4213 (
1251 4155 1389 4217 erat
1403 4152 1584 4217 autem
1614 4144 1701 4217 illa
1731 4160 1873 4200 mors
1902 4150 2014 4217 pri-

437 4215 821 4285 niogenitorum
850 4217 901 4285 ).
943 4217 1107 4285 Moysi
1153 4215 1555 4285 dixitzMensis
1606 4215 1687 4269 hic
1739 4218 1877 4270 vobis
1904 4215 2015 4274 erit

436 4284 634 4342 initium
665 4284 908 4342 mensium
938 4284 1135 4353 (Exod.
1168 4287 1256 4341 12.
1287 4284 1322 4339 Ξ
1346 4285 1386 4356 );
1420 4286 1621 4356 primus
1653 4296 1736 4341 est
1773 4288 1923 4343 vobis
1963 4293 2013 4345 in

439 4360 710 4414 Iliensibus
733 4360 876 4413 anui.
906 4360 983 4413 Ac
1003 4359 1255 4429 deinceps
1280 4356 1530 4427 prtecepit
1563 4358 1881 4414 sacriﬁcium
1917 4360 2018 4416 Pa—

437 4428 657 4493 schatis,
700 4438 755 4484 et
783 4429 1057 4499 sanguinis
1088 4428 1390 4483 unctionem
1422 4431 1474 4483 in
1500 4429 1717 4498 januis;
1758 4441 1919 4500 atque
1948 4448 2011 4487 ex

437 4500 536 4554 hac
566 4502 813 4555 unctione
842 4502 1312 4571 primogenitorum
1344 4500 1569 4554 salutem
1616 4501 1882 4568 pollicitus
1907 4515 2010 4557 est.

436 4572 571 4639 Quid
612 4573 709 4626 sibi
753 4572 863 4627 vult
892 4572 1018 4626 illud
1044 4613 1058 4637 ,
1105 4571 1148 4625 si
1192 4572 1369 4626 statim
1400 4571 1466 4624 ad
1494 4571 1737 4641 veritatis
1766 4574 2012 4641 specula-

438 4645 636 4696 tionem
668 4642 948 4706 referatur,
977 4643 1115 4712 quod
1141 4650 1349 4712 tempus
1380 4640 1508 4695 illud
1532 4642 1654 4695 anni
1683 4640 1892 4697 initium
1918 4644 2015 4698 du-

439 4715 673 4773 hniatur,
705 4727 811 4781 quo
834 4712 1027 4782 pascha
1052 4712 1209 4768 [iebat
1237 4729 1298 4767 ac
1328 4713 1800 4783 primogenitorum
1828 4715 2015 4771 salus?

435 4785 568 4851 Quia
616 4784 770 4838 nobis
798 4786 956 4838 etiam
986 4784 1097 4839 veri
1139 4784 1410 4840 Pascnatis
1438 4785 1754 4838 sacriﬁcium
1796 4793 1878 4840 est
1908 4787 2009 4840 iui-

438 4858 565 4909 Iium
592 4856 712 4909 vitae
743 4865 976 4909 aeterna}.
1010 4856 1194 4909 Annus
1218 4855 1414 4926 quippe
1455 4865 1538 4909 est
1574 4856 1753 4909 sazculi
1785 4857 2007 4925 symbo-

437 4927 544 4979 lmn
566 4967 579 4988 ,
609 4926 728 4994 quia
759 4926 1013 4980 circulum
1035 4926 1325 4980 decurrens
1354 4929 1406 4980 in
1437 4926 1671 4994 seipsum
1698 4942 1911 4995 semper
1931 4944 2016 4982 re-

435 4997 664 5049 viilvitur
685 5038 698 5059 ,
728 5005 782 5050 et
809 4997 862 5050 in
890 4999 1036 5051 nullo
1062 4997 1285 5065 quiescit
1315 4996 1438 5050 ﬁne.
1474 5001 1643 5065 Atque
1673 5007 1822 5066 pater
1851 4997 2011 5054 futuri

436 5068 612 5122 saeculi
643 5067 853 5121 oblatus
883 5077 965 5122 est
990 5066 1231 5122 Christus
1256 5084 1354 5137 pro
1385 5069 1538 5131 nobis
1569 5070 1620 5122 in
1650 5068 1966 5126 sacriﬁcium
1992 5111 2010 5138 ,

436 5153 497 5206 ac
524 5140 757 5208 priorem
790 5140 947 5191 vitam
980 5148 1217 5193 nostram
1246 5140 1394 5208 quasi
1423 5139 1622 5193 nullius
1654 5140 1911 5208 temporis
1937 5141 2015 5196 fa-

434 5210 614 5271 ciens,
660 5208 880 5262 alterius
918 5209 1039 5263 vita:
1068 5211 1380 5280 principium
1421 5210 1509 5264 dat
1545 5210 1696 5265 nobis
1732 5225 1827 5278 per
1865 5212 2010 5265 lava-

435 5296 585 5334 crum
608 5282 1046 5349 regcnerationis,
1078 5282 1368 5335 secundum
1392 5281 1796 5335 similitudinem
1826 5283 2012 5338 mortis

433 5360 488 5405 et
529 5349 935 5405 resurrectionis
976 5366 1107 5405 sme.
1149 5350 1330 5421 Itaque
1357 5354 1594 5420 quisquis
1632 5350 1835 5405 Pascha
1867 5356 2014 5408 novit

437 5432 650 5490 propter
679 5436 738 5475 se
766 5421 1114 5486 immolatum,
1150 5423 1251 5474 hoc
1276 5422 1374 5476 sibi
1400 5424 1522 5476 vita:
1548 5423 1862 5492 principium
1889 5439 2015 5493 sup-

435 5501 596 5561 ponat
619 5534 636 5560 ,
666 5505 699 5545 ιι
726 5506 832 5561 quo
858 5494 1160 5547 immolatus
1182 5508 1278 5562 pro
1308 5494 1423 5562 ipso
1453 5503 1534 5547 est
1558 5494 1820 5547 Christus.
1862 5494 2013 5550 Tunc

433 5573 610 5618 autem
639 5577 735 5631 pro
766 5564 881 5632 ipso
908 5563 1232 5625 inunolatnr,
1262 5563 1475 5633 quando
1499 5566 1720 5633 gratiam
1749 5566 2010 5634 agnoscit,

436 5644 490 5686 et
519 5635 676 5687 vitam
708 5648 814 5705 per
834 5634 973 5690 istud
1003 5635 1317 5689 sacriﬁcium
1362 5645 1566 5705 partam
1598 5634 1865 5705 intelligit.
1919 5636 2012 5691 His

434 5718 597 5770 porro
624 5703 850 5779 cognitis
870 5747 887 5770 ,
920 5721 1070 5779 nova;
1102 5708 1225 5760 vita:
1254 5703 1461 5779 initi—um
1492 5709 1737 5775 accipere
1764 5703 1969 5779 satagat
1991 5749 2008 5774 ,

438 5786 610 5843 neque
652 5775 719 5829 ad
759 5785 990 5831 veterem
1021 5777 1181 5831 vitam
1219 5777 1354 5832 ultra
1397 5790 1665 5846 recurrat,
1707 5779 1857 5850 cujus
1884 5775 2008 5836 linis

436 4078 585 4144 quasi

2124 1448 2361 1525 advenit.
2409 1447 2543 1525 Nam
2569 1491 2585 1515 ,
2638 1449 2740 1525 Qui
2781 1451 3187 1525 mortuihsunms
3229 1464 3473 1524 peccato,
3506 1457 3713 1525 inquit,

2119 1520 2372 1590 quomodo
2401 1521 2570 1575 adhuc
2610 1523 2829 1575 vivemus
2873 1523 2927 1575 in
2956 1522 3046 1577 illo
3093 1523 3114 1646 ξ
3136 1520 3289 1579 Rom.
3318 1530 3372 1581 6.
3399 1528 3436 1582 τὶ
3504 1529 3528 1580 ?
3556 1520 3712 1584 Prin;

2120 1591 2319 1646 ciuium
2384 1605 2513 1646 ergo
2580 1594 2703 1646 anni
2756 1592 2860 1646 tale
2903 1594 3206 1646 svmhoum
3258 1597 3439 1646 habet-
3498 1600 3712 1646 Decima

2120 1591 2319 1659 cipium
2363 1605 2513 1666 _ergo
2580 1594 2703 1666 anni
2749 1592 2860 1666 tale
2903 1591 3206 1666 symbolum
3258 1591 3715 1655 lmbethecima

2119 1670 2297 1717 autem
2346 1660 2689 1718 die'mensis
2741 1663 2894 1731 jubet
2933 1660 3183 1739 'singulas
3227 1666 3417 1723 domos
3473 1671 3719 1739 singulos

2118 1746 2285 1803 agnos
2337 1747 2616 1809 sumere,_
2637 1743 2691 1789 et
2735 1743 2812 1789 tot
2850 1749 2974 1809 esse
2985 1735 3053 1809 in
3084 1736 3246 1792 domo
3271 1740 3359 1808 qui
3387 1735 3709 1809 comedam,

2121 1814 2179 1856 ut
2212 1813 2380 1881 tctum
2427 1804 2733 1881 comedant,
2765 1814 2821 1881 et
2865 1805 2995 1860 nihil
3026 1809 3260 1881 supersit
3291 1804 3320 1861 ἐ
3366 1811 3604 1881 itemque
3657 1804 3717 1868 ut

2120 1888 2288 1950 agnus
2332 1875 2642 1950 immoletnr
2680 1876 2885 1950 decima
2942 1875 3127 1950 quarta
3174 1879 3263 1934 die
3314 1879 3383 1934 ad
3412 1875 3714 1950 vesperam.

2121 1943 2286 2014 Igitur
2327 1946 2560 2015 quinque
2589 1945 2777 2001 diebus
2804 1943 2974 2002 simul
3013 1959 3099 2002 est
3146 1950 3359 2005 victima
3392 1943 3717 2009 immolanda

2119 2030 2239 2069 cum
2289 2016 2389 2073 iis.
2441 2017 2529 2086 qui
2560 2018 2820 2086 perillam
2853 2020 3099 2074 servandi
3129 2032 3291 2084 sunt;
3346 2022 3491 2076 ﬁnita
3535 2036 3715 2079 autem

2119 2086 2303 2162 quinta
2363 2087 2449 2142 die
2502 2086 2675 2143 hostia
2740 2089 3087 2152 immolatur,
3162 2106 3309 2146 mors
3386 2097 3713 2162 pertransit;

2124 2156 2213 2230 qui
2268 2174 2397 2230 vero
2462 2170 2726 2225 servatur,
2776 2170 3032 2230 perpetua
3080 2162 3198 2216 luce
3254 2156 3479 2222 fruitur.
3553 2156 3716 2221 noctu

2121 2226 2516 2302 Ince.t_ite_luna,
2548 2240 2601 2302 et
2641 2232 2753 2285 sole
2778 2226 2980 2284 ’lunam
3023 2233 3322 2302 excipiente
3380 2253 3394 2289 :
3440 2236 3540 2291 hoc
3570 2239 3715 2292 enim

2120 2296 2207 2371 ita
2240 2300 2298 2353 ﬁt
2352 2299 2404 2354 in
2453 2299 2660 2354 decima
2687 2312 2872 2371 quarta
2923 2312 2974 2356 et
3030 2296 3186 2371 plena
3220 2304 3364 2363 luna.
3417 2304 3545 2360 Haec
3584 2323 3715 2363 vero

2119 2367 2352 2446 quinque
2372 2374 2624 2440 temporis
2640 2367 2998 2446 Spatiatotum
3022 2367 3205 2429 mundi
3228 2384 3434 2446 tempus
3456 2377 3714 2433 denotant

2120 2439 2172 2492 in
2208 2442 2441 2517 quinque
2473 2439 2649 2517 partes
2672 2439 3065 2517 distributum;
3110 2446 3179 2517 ab
3209 2439 3376 2499 Adam
3406 2462 3597 2517 nempe
3627 2466 3717 2505 us-

2121 2506 2323 2578 que—ad
2348 2506 2489 2584 Nec;
2512 2529 2541 2566 a
2574 2513 2683 2568 Noe
2711 2528 2877 2584 nSque
2902 2514 2967 2568 ad
2999 2514 3289 2579 Abraham,
3322 2518 3389 2572 ab
3410 2506 3715 2575 Abrahamo

2121 2595 2293 2658 usque
2340 2582 2406 2641 ad
2444 2583 2712 2658 Moysen,
2745 2582 3000 2658 alhloyse
3037 2594 3233 2658 gusque
3277 2587 3343 2641 ad
3405 2587 3712 2658 Christum,

2119 2654 2302 2728 quinta
2326 2668 2446 2721 pars
2466 2670 2501 2728 _a
2523 2654 2713 2709 Christi
2748 2654 3000 2711 adventu.
3022 2654 3405 2728 Quo‘tempore
3430 2661 3596 2715 cuivis
3617 2654 3715 2716 ho;

2120 2725 2249 2798 mini
2266 2726 2535 2798 preposita
2564 2736 2679 2798 erat
2699 2727 2841 2798 salus
2876 2743 2967 2796 per
2985 2728 3199 2782 beatum
3223 2725 3349 2782 illud
3370 2732 3710 2798 sacrilicihm;

2119 2795 2213 2848 sed
2244 2797 2478 2871 nondum
2510 2795 2900 2871 perficiebatur.
2937 2799 2989 2871 In
3011 2801 3202 2871 quinto
3240 2812 3418 2855 autem
3456 2795 3711 2871 temporis

2120 2867 2294 2942 Spatio
2330 2882 2515 2921 verum
2550 2869 2750 2942 Pascha
2790 2867 3164 2942 immolabatur
3186 2913 3201 2935 ,
3235 2880 3286 2942 et
3332 2873 3421 2942 qui
3454 2867 3712 2942 per—illud

2120 2936 2349 3013 salutem
2375 2934 3204 3013 consequebaturpriuwgenitus
3235 2934 3419 3007 homo,
3446 2934 3710 3013 inperpe-

2121 3013 2273 3087 tuam_
2299 3006 2473 3087 lucem
2505 3010 2683 3064 exibat
2729 3006 2958 3087 (Matth.
2998 3006 3089 3066 ΞΟ.
3123 3012 3175 3067 1.
3205 3013 3353 3087 sqq).
3395 3006 3547 3087 Quod
3584 3006 3713 3070 vero

2121 3092 2227 3151 non
2261 3079 2313 3133 in
2341 3079 2453 3151 ipsa
2485 3079 2856 3151 vespera,'sed
2886 3082 2952 3137 ad
2982 3079 3255 3151 vesperam
3275 3079 3489 3139 'Pasc'ha
3522 3086 3709 3140 inmm-

2120 3146 2342 3222 Iaretur,
2364 3146 2830 3222 signiﬁcabatnon
2863 3153 2914 3206 in
2943 3150 3059 3222 ipso
3076 3146 3186 3207 line
3209 3150 3486 3220 praesentis
3506 3157 3705 3221 siceuli,

2119 3220 2225 3297 sed
2259 3218 2325 3274 ad
2372 3218 2531 3297 ﬁnem
2573 3237 2851 3297 passurum
2879 3218 3013 3297 esse
3047 3218 3341 3297 Christum.
3376 3225 3607 3297 Tempus
3634 3218 3709 3282 ita

2119 3290 2349 3368 divisum
2388 3292 2632 3368 exhibuit
2675 3293 2926 3365 parabola
2950 3334 2965 3360 ,
2998 3309 3135 3368 quae
3146 3296 3204 3368 in
3247 3306 3425 3368 partes
3476 3290 3713 3368 q'uinque

2119 3360 2263 3416 diem
2289 3361 2594 3433 distribuit,
2622 3360 2918 3418 et’vocatos
2947 3360 3067 3420 esse
3106 3360 3329 3421 dicit'ad
3359 3360 3570 3423 vineam
3596 3360 3709 3433 {id

2119 3441 2235 3496 est,
2272 3432 2583 3507 adjustitiaa
2607 3436 2971 3504 Operationem
2996 3477 3013 3507 ε
3040 3435 3173 3490 alios
3193 3438 3333 3492 circa
3361 3432 3712 3507 primambo—

2119 3518 2234 3557 ram
2260 3545 2276 3571 ,
2307 3503 2441 3557 alios
2487 3503 2883 3560 circa’tertiam
2909 3547 2924 3568 ,
2966 3506 3101 3560 alios
3129 3507 3270 3561 circa
3299 3503 3504 3563 sextam
3524 3550 3539 3572 ,
3570 3510 3710 3565 alios

2119 3574 2259 3644 circa
2282 3590 2498 3639 nonam,
2518 3586 2819 3644 postremos
2842 3577 2982 3631 circa
3000 3578 3356 3633 undecimam.
3380 3579 3543 3633 Eram
3564 3582 3708 3636 enim

2122 3642 2205 3699 Ine
2233 3645 2459 3701 diversa:
2477 3642 2803 3711 vocationes,
2827 3657 2881 3701 et
2897 3647 3122 3702 diversa:
3139 3649 3548 3714 iustiﬁcationes
3569 3669 3583 3715 ;
3602 3654 3707 3706 alia

2122 3724 2363 3792 tempore
2392 3718 2637 3792 _Adami,
2686 3719 2790 3772 alia
2829 3727 3084 3792 tempore
3130 3719 3263 3784 Noe,
3313 3722 3417 3775 alia
3468 3731 3710 3792 tempore

2120 3789 2160 3860 Α
2169 3786 2257 3840 bra
2267 3786 2428 3860 hami,
2447 3791 2549 3844 alia
2571 3800 2808 3857 tempore
2826 3786 3022 3860 Moysis
3040 3807 3055 3855 ;
3080 3799 3342 3859 postrema
3357 3801 3411 3847 et
3428 3786 3709 3860 perfectis-

2118 3858 2249 3912 sima
2274 3858 2325 3933 in
2348 3859 2574 3933 adventu
2591 3860 2809 3925 Christi,
2826 3858 3041 3933 quando
3062 3858 3267 3916 merces
3290 3858 3509 3933 operum
3540 3864 3711 3919 reddi-

2120 3939 2207 3983 tur
2229 3932 2400 3997 primo
2418 3930 2503 3997 iis,
2520 3933 2610 4001 qui
2638 3932 2891 3999 postremi
2912 3942 3066 3985 erant
3089 3929 3381 3987 secundum
3407 3929 3709 3989 Servatoris

2119 4002 2425 4074 parabolam
2454 4020 2466 4055 :
2499 4004 2621 4071 quia
2666 4017 2768 4057 nos
2806 4004 2961 4074 primi
2993 4004 3046 4056 in
3077 4003 3394 4072 baptismate
3422 4020 3710 4074 regenera-

2122 4073 2323 4127 tionem
2362 4074 2652 4141 accipimus
2676 4114 2690 4135 ,
2721 4073 2912 4142 quibus
2952 4073 3257 4128 immolatus
3290 4084 3374 4143 est
3414 4073 3665 4130 Christus
3687 4119 3704 4144 ,

2118 4158 2224 4213 quo
2265 4153 2504 4212 tempore
2534 4145 2859 4199 resurrexit.
2899 4154 2954 4197 ct
2980 4145 3235 4212 Spiritum
3278 4155 3517 4200 sanctum
3549 4148 3708 4203 nobis

2119 4215 2183 4268 ad
2214 4215 2617 4289 renovationem
2646 4213 2954 4289 insufllavit.
2986 4215 3119 4289 Hice
3143 4217 3319 4286 itaque
3344 4228 3529 4289 quarta
3559 4218 3723 4287 ἀραί-ν

2119 4301 2201 4359 nia
2230 4296 2311 4341 est
2335 4286 2941 4359 mysticeconsi’derata,
2969 4296 3024 4340 et
3050 4286 3155 4359 tale
3183 4297 3268 4341 est
3294 4286 3536 4341 sacriﬁcii
3569 4303 3708 4359 sym-

2119 4356 2297 4411 bolum
2319 4399 2333 4423 ,
2368 4366 2422 4410 et
2447 4373 2548 4410 nox
2574 4358 2659 4411 illa
2689 4356 2862 4412 lucida
2896 4366 3055 4427 atque
3082 4357 3198 4413 dies
3233 4374 3352 4427 quae
3380 4356 3704 4415 sacriﬁcium

2117 4428 2332 4496 excipit.
2365 4427 2516 4495 Quod
2539 4440 2717 4481 autem
2759 4428 2992 4498 victima,
3019 4438 3126 4482 tota
3158 4430 3209 4481 in
3249 4428 3470 4498 singulis
3496 4430 3707 4487 :edibns

2117 4499 2490 4553 comederetur
2510 4540 2524 4565 ,
2554 4513 2725 4568 neque
2752 4514 2943 4553 carnes
2972 4497 3114 4554 foras
3151 4498 3467 4554 eﬁ‘errentur
3487 4541 3503 4565 ,
3537 4500 3591 4555 id
3622 4503 3706 4557 si-

2116 4568 2329 4638 gniﬁcat
2359 4585 2516 4623 unam
2542 4579 2746 4623 tantum
2772 4584 2891 4625 esse
2918 4570 3134 4623 domum
3157 4570 3382 4624 salutem
3410 4572 3463 4624 in
3484 4570 3708 4628 Christo

2118 4642 2402 4695 habentem
2424 4682 2439 4705 ,
2473 4655 2665 4709 nempe
2696 4640 2985 4695 Ecclesiam
3009 4656 3106 4711 per
3132 4648 3303 4695 totum
3332 4642 3516 4696 orbem
3539 4644 3703 4711 diﬁ‘u-

2116 4728 2230 4768 sam
2256 4752 2270 4774 ,
2300 4727 2419 4781 qua:
2449 4712 2576 4765 olim
2602 4706 2778 4765 aliena
2808 4727 2839 4765 a
2869 4713 2975 4766 Deo
3009 4706 3164 4774 'erat,
3207 4728 3348 4765 nunc
3377 4722 3553 4766 autem
3585 4706 3703 4768 'sola

2116 4783 2185 4839 ad
2233 4783 2397 4835 Deum
2445 4783 2658 4852 proprie
2696 4786 2958 4852 pertinet,
2988 4782 3109 4851 quia
3155 4782 3388 4851 suscepit
3424 4797 3519 4837 eos
3549 4786 3637 4849 qni
3671 4801 3705 4840 a

2120 4855 2343 4909 Domino
2363 4852 2488 4908 Jesu
2509 4853 2652 4907 missi
2678 4863 2849 4918 erant;
2874 4852 3320 4921 quemadmodum
3342 4854 3533 4907 domus
3557 4855 3705 4911 illius

2118 4925 2304 4980 liabab
2329 4924 2455 4987 olim
2485 4924 2801 4993 meretricis,
2833 4924 3385 4993 qu:e,exploratoresa
3412 4924 3539 4979 Jesu
3568 4928 3704 4980 mis-

2116 5012 2206 5051 sos
2235 4996 2463 5063 excepit,
2488 4994 2703 5049 Jericho
2732 4995 3025 5055 devastata,
3059 5004 3269 5048 servata
3296 4995 3406 5047 sola
3439 4995 3557 5048 fuit.
3592 4996 3702 5050 Ita-

2116 5083 2220 5137 que
2249 5067 2345 5120 etsi
2372 5067 2549 5135 plures
2574 5067 2683 5121 siut
2710 5065 3291 5137 Hebraeorumidomus,
3315 5066 3472 5137 unius
3496 5074 3704 5123 tantum

2116 5135 2221 5192 vim
2242 5137 2455 5201 habent,
2483 5146 2605 5192 utet
2622 5137 2849 5190 diversa:
2874 5151 2969 5205 per
2994 5136 3153 5190 urbes
3169 5146 3224 5190 et
3242 5137 3387 5190 vicos
3418 5135 3697 5201 Ecclesiae,

2115 5224 2235 5279 quae
2275 5210 2453 5279 plures
2483 5222 2706 5279 numero
2749 5215 2909 5279 sunt,
2956 5221 3061 5260 una
3096 5216 3221 5261 sunt
3256 5205 3514 5279 Ecclesia.
3550 5207 3703 5263 Unus

2116 5278 2259 5335 enim
2300 5280 2353 5332 in
2395 5278 2497 5331 illis
2540 5278 2786 5332 Christus
2822 5278 3019 5347 ubique
3048 5288 3164 5343 est,
3208 5278 3474 5345 perfectus
3502 5278 3616 5344 ipse
3644 5289 3704 5334 et

2116 5351 2394 5406 indivisus.
2423 5347 2547 5403 Ideo
2576 5348 2803 5418 perlecta
2831 5358 2948 5402 erat
2988 5348 3038 5401 in
3066 5349 3287 5419 singulis
3312 5348 3521 5419 a-dibns
3545 5349 3705 5403 victi-

2115 5439 2200 5477 ma
2225 5462 2241 5486 ,
2272 5436 2371 5474 nec
2406 5421 2471 5473 ad
2510 5421 2751 5474 diversas
2782 5419 3136 5473 dividebatur.
3174 5420 3306 5473 Dicit
3328 5420 3469 5473 enim
3501 5418 3703 5474 Paulus

2116 5508 2216 5547 nos
2234 5506 2421 5545 omnes
2452 5507 2613 5545 unum
2640 5505 2760 5545 esse
2787 5494 2837 5544 in
2865 5491 3102 5553 Chrism,
3126 5491 3247 5557 quia
3279 5488 3422 5544 Unus
3447 5488 3704 5545 Dominus

2117 5575 2189 5618 est
2215 5605 2231 5628 ,
2273 5573 2321 5616 et
2348 5578 2451 5615 una
2479 5563 2607 5630 ﬁdes
2641 5560 2871 5631 (Ephes.
2898 5561 2953 5615 4.
2979 5559 3071 5631 5).
3098 5560 3359 5615 Unionem
3386 5574 3514 5628 ergo
3548 5560 3701 5616 illam

2116 5636 2345 5690 victima:
2384 5630 2758 5688 indivisibilem
2797 5632 2882 5686 Iex
2911 5632 2962 5684 in
2992 5630 3203 5686 Christo
3231 5632 3343 5685 fore
3389 5632 3701 5686 necessario

2119 5704 2490 5777 prmligurabat
2511 5745 2526 5769 ,
2559 5718 2767 5777 necnon
2799 5702 3052 5777 Ecclesia:
3083 5704 3357 5777 unitatem.
3382 5701 3444 5777 _Iu
3478 5702 3701 5756 Christo

2118 5771 2296 5850 utique
2325 5785 2379 5833 et
2422 5775 2475 5830 in
2519 5775 2784 5831 sacriﬁcio
2816 5773 3015 5829 Christi
3056 5774 3281 5829 salutem
3309 5771 3610 5835 habemus;
3641 5782 3704 5828 et
