4082 6400
396 290 501 345 727

402 418 583 461 neu-cm
607 400 765 456 nobis
784 398 1095 469 sanguinem
1115 410 1218 450 non
1245 410 1599 465 congenerem
1622 392 1777 469 nobis
1806 391 1979 469 Spirif

400 484 511 528 tum
534 487 774 527 sanctum
798 462 1042 539 accipere
1071 462 1390 539 possemus,
1424 481 1495 519 ac
1525 479 1621 536 per
1649 465 1792 519 illum
1822 462 1980 539 morti

404 559 699 613 mgressum
730 534 1083 613 claudamns.‘
1109 538 1312 613 Dupies
1350 534 1539 591 autem
1576 544 1673 613 e_st_
1709 534 1862 613 moi-ii
1895 535 1980 586 in-

400 604 648 681 gréssns:
676 622 732 667 et
770 612 891 666 ideo
921 610 1119 681 duples
1160 604 1393 681 efficitur
1432 606 1705 681 sanguinis
1724 604 1978 681 sigillum.

403 673 468 737 In
500 684 714 740 duobus.
749 682 937 752 inquit,
970 673 1191 749 postibus
1220 687 1266 730 et
1287 678 1341 731 in
1359 673 1752 752 limine'(E_xod.
1784 673 1870 728 12.
1898 674 1978 752 7).

406 756 569 808 Intrat
612 752 752 806 enim
809 742 1230 820 per’peccatum
1279 761 1463 820 mors,
1499 742 1981 820 ut'aitdpnstolus

405 824 580 894 (Rom.
605 824 657 878 5.
694 814 1115 894 12).'Pe_cca_lum
1149 818 1466 894 vero,‘aliud
1510 817 1565 871 in
1596 814 1849 894 noiiisfit
1888 829 2007 894 per

406 884 859 963 passionem.qu;n
887 889 1077 963 duplex
1106 898 1220 949 est;
1245 889 1345 963 alia
1372 902 1562 963 nempe
1586 886 1833 939 mollities
1861 884 1973 963 ani-

408 956 477 1017 ini
525 964 574 1017 in
606 956 1084 1024 debilitatem,'alia
1114 960 1355 1027 asperior
1379 959 1430 1011 in
1470 956 1729 1010 feritatem
1772 956 1979 1027 vergit:

403 1035 543 1087 alitul
574 1049 666 1102 per
685 1032 1041 1090 ratiocinium.
1060 1025 1192 1102 cum'
1209 1043 1312 1082 non
1334 1043 1461 1102 sana
1482 1037 1741 1102 necrecta
1760 1025 1978 1093 cogitat.

407 1105 472 1157 Et
496 1096 805 1173 estquidem
831 1100 1165 1154 ratiocinium
1184 1102 1360 1167 ,quasi
1384 1099 1567 1157 limen.
1584 1096 1633 1150 id
1655 1107 1757 1156 est,
1789 1110 1981 1173 super-

411 1166 684 1239 liminarc,
718 1188 875 1239 supra
934 1181 1217 1235 utrumque
1234 1166 1482 1237 postem;
1531 1182 1661 1239 nam
1697 1172 1845 1239 qnasi
1876 1166 1981 1218 dux

408 1253 513 1311 cst,
541 1253 594 1297 et
625 1236 810 1296 natura
854 1242 1113 1311 sttpcsior
1139 1236 1332 1311 passm
1358 1249 1533 1311 autem
1580 1236 1767 1311 referri
1810 1244 1983 1303 potest

404 1314 468 1365 ad
497 1308 688 1381 postes
716 1354 731 1375 ,
777 1327 895 1381 qua:
926 1308 1215 1364 ratiocinio
1253 1308 1567 1381 subjicitur,
1608 1309 1745 1360 sicut
1802 1313 1981 1381 postes

404 1328 468 1365 atl
513 1328 688 1381 postes
716 1354 731 1375 ,
816 1328 895 1365 uze
934 1328 1215 1364 rauocmuo
1253 1328 1567 1376 SIIDJICIIIII',
1608 1328 1745 1360 SIClll.
1802 1328 1980 1374 posuss

404 1328 901 1451 Supcrliminariiaus
939 1389 1063 1434 sunt
1100 1379 1354 1451 subjecti.
1411 1380 1670 1451 Qmenam
1692 1384 1837 1451 _su_nt
1874 1375 1980 1428 illa:

407 1446 679 1522 passiones
729 1468 847 1522 qua:
894 1451 959 1504 ad
1010 1450 1286 1522 mollitiem
1325 1448 1627 1522 deducunt?
1683 1446 1850 1522 Cuia,
1904 1453 1980 1499 te-

408 1516 661 1577 inulentia
694 1565 709 1586 ,
747 1516 821 1576 'et
877 1519 1311 1589 concupiscentia
1379 1517 1719 1589 libidinosa,
1753 1516 1979 1582 Quinam

406 1603 529 1645 sunt
568 1593 743 1661 asperi
782 1591 1002 1645 alTectus
1041 1588 1203 1645 animi
1232 1590 1257 1642 ἲ
1297 1588 1411 1651 Ira,
1454 1588 1759 1661 arrogantia
1792 1625 1807 1649 ,
1847 1600 1980 1655 quas

410 1673 467 1717 ut
533 1658 834 1718 eliminaret
885 1661 1082 1715 Paulus
1134 1660 1396 1713 dicebat:
1455 1658 1575 1711 Non
1619 1658 1672 1711 in
1735 1673 1983 1709 comessa-

408 1734 624 1786 tionibus
672 1744 717 1786 et
767 1731 1106 1796 ebrietatibus,
1148 1747 1249 1782 non
1285 1730 1338 1782 in
1382 1728 1629 1781 cubilibus
1675 1738 1722 1781 et
1759 1727 1982 1787 impudi-

413 1804 563 1866 citiis,
606 1819 705 1857 non
753 1804 805 1857 in
846 1802 1159 1855 contentione
1195 1809 1242 1853 et
1279 1801 1630 1861 aemulatione;
1671 1798 1760 1851 sed
1810 1796 1983 1850 indui-

409 1873 533 1928 mini
595 1873 871 1927 Dominum
939 1882 1165 1925 nostrum
1226 1870 1401 1923 Iesum
1456 1869 1714 1923 Christum
1780 1867 1976 1937 (Rom.

414 1945 501 1997 l3.
545 1945 631 1999 15.
675 1945 801 2011 14).
870 1943 1072 1997 Similis
1119 1949 1203 1995 est
1243 1955 1371 2010 ergo
1415 1940 1595 1993 unctio
1646 1938 1978 2011 indumento,

410 2014 622 2069 onando
685 2013 881 2067 Christi
947 2013 1181 2081 passioni
1260 2011 1633 2081 conformati,
1699 2010 1981 2081 sanctitate

406 2083 604 2137 Christi
635 2080 1132 2152 amicimur,neque
1158 2084 1207 2135 in
1236 2083 1538 2151 voluptates
1567 2080 1832 2143 dissoluti,
1880 2095 1979 2133 nc-

408 2168 511 2222 que
540 2155 588 2206 in
620 2155 725 2208 iras
755 2153 1079 2221 exasperati.
1110 2153 1253 2206 Bona
1283 2152 1407 2206 item
1436 2161 1517 2222 est
1542 2152 1835 2222 ratiociniis
1873 2166 1978 2203 uu-

410 2220 517 2276 etio
539 2235 593 2277 et
624 2225 804 2287 vestis,
836 2220 1091 2293 sapientia
1128 2238 1230 2275 non
1262 2221 1512 2293 carnalis,
1542 2220 1636 2293 sed
1666 2236 1727 2275 ea
1754 2236 1872 2290 qua:
1897 2236 1982 2274 se-

411 2295 641 2347 cundum
672 2292 936 2349 Christum
968 2304 1083 2353 est;
1118 2296 1189 2345 ita
1213 2302 1269 2345 ut
1288 2292 1428 2345 circa
1451 2292 1720 2345 carnalem
1743 2292 1977 2344 animum

412 2366 815 2429 mortilicemur,
858 2380 919 2418 ac
947 2366 988 2418 si
1020 2364 1128 2433 jam
1154 2364 1343 2417 mortui
1374 2364 1563 2423 simus,
1604 2377 1857 2416 ornemur
1883 2376 1978 2413 att-

414 2443 517 2505 tem
567 2436 822 2505 spirituali
870 2445 1081 2488 ornatu.
1122 2434 1210 2487 Sic
1260 2433 1401 2505 enim
1447 2448 1617 2505 neque
1660 2447 1755 2499 per
1798 2433 1981 2485 brutos

410 2504 649 2564 alTectu’s.
695 2521 866 2573 neque
903 2522 994 2573 per
1039 2505 1235 2557 insulsa
1258 2504 1548 2573 ratiocinia
1581 2514 1853 2573 peccatum
1882 2517 1979 2554 nos

413 2574 651 2638 invadet,
687 2572 859 2643 neque
887 2572 1041 2629 nobis
1065 2589 1210 2629 mors
1239 2572 1618 2627 dominabitur.
1666 2572 1979 2643 Huiusmodi

411 2660 542 2698 sane
568 2655 649 2716 cst
675 2642 938 2699 unctionis
965 2645 1298 2716 mysterium.
1346 2644 1471 2696 Post
1498 2642 1802 2716 unctionem
1833 2642 1983 2695 adest

412 2715 691 2779 comestio,
738 2733 856 2785 qua:
903 2715 1139 2769 divinum
1183 2728 1376 2783 corpus
1419 2716 1471 2767 in
1526 2716 1679 2767 nobis
1719 2715 1983 2785 locatpet

414 2787 727 2841 Commiscet
753 2783 818 2840 ad
851 2787 1122 2840 unionem.
1146 2785 1434 2849 Comedent,
1466 2786 1656 2853 inquit,
1681 2800 1858 2837 carnes
1885 2783 1980 2835 hac

412 2865 717 2927 nocte_assas
744 2856 848 2927 igni
870 2856 1061 2927 (Exod.
1095 2855 1179 2910 12.
1212 2856 1287 2927 8).
1313 2854 1448 2927 Nox,
1477 2869 1708 2927 presens
1731 2853 1981 2927 sa‘culutn

414 2924 517 2979 est.
549 2924 671 2979 No.1:
698 2924 951 2995 priecessit
996 2927 1172 2993 (Rom.
1205 2926 1290 2979 15.
1320 2924 1434 2991 12),
1478 2926 1553 2977 ait
1577 2924 1785 2978 Paulus.
1815 2925 1982 2992 Ignita

415 2997 655 3067 est_sacri
697 2999 938 3062 corporis
971 2996 1341 3067 participatio;
1386 2995 1486 3067 hoc
1512 3004 1612 3058 cst,
1641 3010 1737 3063 per
1760 2996 1981 3067 ignitum

414 3078 476 3135 ac
502 3064 711 3120 fervens
737 3064 989 3121 studium;
1038 3066 1257 3133 Spiritu,
1282 3064 1481 3133 inquit,
1533 3067 1774 3135 ferventes
1821 3064 1980 3135 (Ibid.

420 3134 609 3209 12.“)
630 3152 643 3199 ;
668 3147 741 3199 et,
771 3136 947 3209 Ignem
976 3138 1085 3209 veni
1113 3136 1380 3209 mittcreiin
1406 3134 1610 3209 terram.
1639 3148 1685 3187 et
1704 3137 1825 3209 quid
1842 3137 1980 3209 volo,

414 3206 459 3277 si
473 3206 588 3274 jam
617 3205 855 3261 accensus
890 3219 959 3262 est
1000 3207 1149 3277 (Luc.
1182 3206 1267 3259 12.
1298 3205 1425 3277 49η
1454 3205 1520 3261 Ut
1543 3205 1720 3277 autem
1750 3207 1904 3273 ignis,
1936 3208 1981 3259 si

416 3275 483 3327 de
532 3280 859 3331 comestione
912 3275 1150 3331 carnium
1197 3275 1556 3345 intelligatur,
1610 3276 1825 3331 fervens
1866 3286 1981 3329 stu-

416 3344 562 3399 dium
593 3346 788 3401 indicat
819 3365 831 3400 :
865 3349 941 3402 sic
969 3359 1023 3403 et
1048 3362 1232 3418 azyma
1261 3344 1677 3418 simplicitatem,
1719 3357 1774 3401 et
1804 3347 1983 3401 herba:

415 3430 611 3469 amara:
638 3432 905 3471 aerumnas
932 3415 1334 3486 subsequentes.
1387 3415 1518 3471 Nam
1547 3417 1756 3486 Azyma,
1792 3418 1979 3485 inquit,

415 3500 530 3537 cum
566 3487 729 3540 herbis
762 3490 947 3541 amaris
981 3485 1237 3542 comedent
1267 3485 1458 3555 (Exod.
1482 3486 1570 3543 12.
1598 3485 1675 3555 8).
1704 3488 1984 3555 Simplices

418 3557 525 3608 sint
554 3573 750 3623 mores,
797 3575 895 3613 nec
935 3559 1117 3623 fucati,
1153 3558 1319 3611 veteri
1356 3572 1503 3611 more
1529 3572 1591 3611 ac
1618 3558 1847 3627 versutia
1873 3557 1981 3612 fer-

419 3628 581 3680 tnenti
615 3629 783 3682 instar
808 3631 1046 3697 deposita
1072 3668 1085 3683 .
1135 3642 1379 3696 novoque
1417 3643 1479 3681 ac
1506 3628 1734 3697 simplici
1764 3638 1984 3696 accepto

419 3711 587 3757 more,
610 3715 714 3766 quo
743 3696 1076 3754 fermentatio
1105 3698 1214 3752 ﬂat.
1242 3698 1370 3751 Nam
1406 3699 1499 3763 ait,
1532 3696 1733 3752 Pascha
1760 3710 1985 3753 nostrum

418 3767 702 3823 immolatus
736 3781 807 3823 est
836 3770 1079 3826 Christus.
1120 3767 1297 3838 Itaque
1325 3767 1605 3838 epulemur,
1646 3786 1746 3822 non
1786 3770 1839 3822 in
1877 3774 1983 3838 fer-

422 3849 585 3910 mento
627 3841 796 3903 veteri,
851 3858 1007 3908 neque
1038 3844 1091 3894 in
1121 3845 1362 3910 fermento
1390 3839 1596 3910 malitia:
1609 3850 1671 3910 iet
1705 3840 1937 3910 nequitur:
1965 3854 1985 3893 :

420 3906 509 3981 sed
534 3910 585 3981 in
624 3912 816 3980 azymis
852 3906 1151 3965 sinceritatis
1177 3920 1221 3964 et
1246 3910 1468 3981 veritatis
1490 3909 1564 3978 (1.
1590 3909 1705 3981 Cor.
1736 3906 1787 3963 5.
1822 3909 1874 3963 7.
1902 3909 1979 3981 8).

421 3979 641 4031 Acerba:
669 3979 791 4032 sunt
822 3983 1230 4045 tribulationes;
1279 3979 1383 4033 Sed
1408 3980 1531 4033 etin
1554 3979 1981 4045 tribulationibus,

420 4046 609 4114 inquit.
656 4049 953 4119 giariamur.
997 4061 1204 4106 scientes
1252 4050 1371 4118 quia
1412 4050 1667 4102 tribulatio
1689 4051 1985 4119 patientiam

420 4129 676 4184 aperatur,
726 4123 965 4189 patientia
993 4139 1108 4175 vero
1140 4119 1505 4189 probationem,
1551 4121 1777 4186 probatio
1818 4131 1984 4175 autem

420 4202 581 4261 spem,
633 4188 745 4258 spes
788 4208 902 4243 vero
950 4209 1051 4245 non
1093 4188 1355 4260 confundit
1396 4188 1569 4261 (Rom.
1619 4189 1850 4261 5.5-5).
1882 4189 1986 4244 Per

423 4257 609 4331 multas
642 4257 1001 4331 tribulationes
1060 4257 1253 4331 Oportet
1278 4257 1628 4331 rnos'intrare
1673 4260 1727 4313 in
1775 4257 1985 4331 regnum

422 4326 574 4400 (Act.
595 4329 681 4383 14.
708 4329 820 4399 21).
845 4332 1023 4400 Itaque
1055 4326 1447 4385 tribulationem
1474 4330 1801 4384 admittimus
1830 4326 1984 4400 quasi

423 4397 661 4472 delicias,
697 4397 911 4472 propter
936 4397 1085 4472 spem
1111 4410 1165 4454 et
1192 4415 1433 4472 regnum,
1482 4416 1601 4469 quae
1645 4417 1708 4472 es
1750 4416 1811 4454 ea
1852 4397 1983 4469 'pro-

425 4469 663 4542 veniunt.
716 4468 871 4526 Vetat
898 4468 1219 4542 praeceptum
1250 4468 1529 4542 comedere
1557 4471 1748 4525 crudas
1773 4468 1980 4526 carnes.

426 4536 537 4593 Hoc
574 4554 701 4594 vero
740 4542 825 4607 iis,
857 4536 944 4611 qui
975 4536 1322 4611 corporaliter
1346 4539 1570 4611 audiunt
1602 4550 1792 4611 praeter
1817 4543 1984 4595 ratio-

425 4623 545 4661 nem
586 4625 707 4665 esse
736 4609 978 4681 videtur,
1026 4609 1145 4666 cum
1186 4609 1313 4665 illud
1341 4610 1617 4678 prohibeat
1642 4610 1811 4681 Deus,
1843 4611 1983 4681 quod

425 4694 693 4749 nunquam
724 4680 858 4736 forte
886 4681 1079 4736 factum
1110 4691 1227 4745 est;
1271 4695 1429 4735 nemo
1457 4681 1597 4733 enim
1621 4680 1837 4734 crudam
1865 4680 1983 4735 ear-

426 4764 546 4802 nem
576 4752 806 4805 comedit
843 4753 1021 4822 :apud
1063 4767 1160 4805 nos
1202 4762 1380 4822 autem
1429 4750 1479 4802 id
1505 4751 1730 4822 rationi
1756 4752 1985 4805 maxime

425 4834 720 4875 consonum
749 4832 850 4885 est,
881 4820 947 4877 ne
971 4823 1172 4876 scilicet
1200 4820 1551 4890 perfunctorie
1576 4821 1892 4876 accedamus
1918 4822 1985 4875 ad

429 4891 883 4960 participationem
944 4893 1109 4945 divini
1165 4892 1403 4958 corporis
1452 4910 1465 4944 :
1510 4906 1611 4944 non
1666 4892 1986 4959 participant

426 4959 566 5011 enim
610 4959 698 5027 qui
746 4962 1097 5030 perfunctorie
1141 4960 1269 5014 illud
1315 4967 1562 5021 tractant,
1607 4976 1702 5014 nec
1728 4976 1821 5028 per
1850 4962 1984 5016 bona

428 5042 587 5096 opera
630 5046 690 5085 se
726 5032 793 5085 ad
839 5033 997 5086 talem
1055 5030 1587 5085 communicationem
1642 5031 1979 5085 concinnant.

429 5097 603 5170 It‘ides,
631 5103 816 5170 inquit,
846 5102 951 5155 sine
979 5102 1208 5170 operibus
1234 5111 1429 5152 mortua
1452 5110 1519 5153 est
1557 5098 1757 5168 (Iacob.
1786 5101 1839 5155 2.
1868 5102 1979 5169 20).

430 5168 653 5240 ideoque
681 5168 927 5240 segnibus
949 5168 1019 5226 ac
1040 5171 1421 5239 negligentibus
1443 5171 1792 5223 immittuntur
1822 5168 1986 5240 tribu-

429 5239 655 5311 litiones
680 5239 997 5311 adipsorum
1044 5242 1343 5296 utilitatem.
1376 5250 1433 5294 ut
1461 5240 1534 5292 ait
1562 5240 1752 5311 Paulus
1779 5240 1799 5307 (
1824 5239 1980 5294 Ilebr.

433 5309 519 5364 1‘2.
550 5312 654 5391 10).
692 5323 747 5364 ut
771 5309 1062 5391 sanctitatis
1089 5312 1205 5379 ejus
1232 5311 1513 5391 participes
1540 5310 1664 5391 sini.
1694 5310 1980 5391 chnitiem

429 5395 555 5433 vero
574 5379 711 5435 circa
736 5382 1023 5449 Spiritualia
1054 5398 1210 5451 Opera
1241 5381 1375 5449 parit
1397 5394 1547 5432 amor
1568 5379 1848 5451 voluptatis
1868 5395 1985 5433 car-

431 5452 581 5513 nalis.
616 5453 945 5520 Quapropter
969 5454 1070 5505 alio
1090 5450 1340 5520 symbolo
1369 5451 1419 5502 id
1445 5450 1746 5517 signilicans
1777 5451 1985 5519 legisla-

432 5530 534 5584 tor,
582 5521 825 5589 prohibet
865 5524 916 5575 in
961 5538 1094 5591 aqua
1138 5531 1347 5575 coctum
1388 5521 1666 5574 comedere
1701 5540 1714 5575 :
1747 5536 1866 5573 nam
1915 5521 1983 5574 ad

430 5593 768 5646 comestiouis
813 5592 1151 5660 voluptatem,
1198 5592 1275 5644 sic
1320 5601 1527 5644 coctum
1570 5600 1784 5660 paratur
1815 5611 1829 5644 :
1860 5606 1983 5645 cum

432 5663 698 5730 voluptate
724 5671 899 5716 autem
927 5664 1157 5717 divinam
1186 5677 1361 5716 escam
1392 5661 1672 5717 comedere
1696 5679 1801 5716 non
1821 5663 1944 5717 licet
1968 5679 1982 5717 :

435 5746 540 5785 non
590 5734 729 5788 enim
760 5734 954 5789 carnali
985 5734 1144 5789 modo
1178 5734 1434 5789 miscetur
1469 5732 1633 5789 virtus
1678 5734 1983 5803 spiritualis.

1868 273 2137 332 SPURIA.

3560 288 3673 344 m.

2091 389 2170 465 Ne
2201 390 2361 465 igitur
2387 405 2585 465 coqnas
2613 405 2820 465 sacram
2850 407 3087 465 carnem,
3120 393 3322 465 inquit,
3353 396 3497 454 illam
3536 414 3658 455 sua-

2090 464 2243 517 vibus
2268 462 2571 538 admiscens
2593 462 2748 538 ;__sed
2780 463 2885 538 igni
2912 473 3061 518 cocta
3090 462 3291 538 tantum
3309 462 3654 538 comedatur,

2092 549 2216 588 cum
2269 533 2477 587 intento
2519 532 2696 587 studio
2735 547 2762 585 a
2801 534 3072 601 voluptate
3096 534 3290 591 alieno.
3320 539 3485 593 Amor
3505 532 3659 595 volui

2096 604 2256 671 ptatis
2299 612 2379 659 est
2421 618 2450 656 a
2494 602 2587 657 Dei
2636 618 2817 657 amore
2862 604 3086 665 alienus.
3138 616 3194 659 ut
3236 608 3310 660 ait
3341 608 3533 666 Paulus
3566 631 3578 665 :
3606 622 3664 667 et

2096 674 2324 746 Quorum
2366 673 2489 727 deus
2512 682 2811 746 _ventet'__est
2855 672 3118 746 (Philipp.
3150 677 3204 732 5.
3236 676 3322 745 i9)
3346 678 3376 741 ,'
3410 679 3474 735 iis
3523 681 3660 737 Deus

2092 745 2205 812 ipse
2234 759 2339 797 non
2370 752 2453 797 est
2493 743 2643 797 deus.
2689 742 2873 810 Neque
2915 745 2982 807 ii,
3034 742 3123 814 qui
3166 742 3552 803 Eucharistiam
3604 754 3656 806 in

2090 814 2232 891 lania
2259 814 2507 891 convivia
2537 814 2895 891 transferunt,
2939 816 3142 891 accepti
3190 828 3315 891 sunt
3355 820 3493 889 apud
3517 822 3661 891 Apoc

2090 884 2308 947 stolum,
2357 883 2486 939 dum
2533 885 2957 938 communionem
2986 883 3128 940 illam
3150 883 3580 944 sanctificantem'
3602 893 3655 946 in

2090 955 2678 1027 ticmsionem_vertt_t_ut
2715 954 2855 1027 largi
2892 964 2944 1008 et
2988 954 3117 1027 inuti
3154 959 3258 1027 cibi
3298 968 3351 1013 et
3381 970 3534 1027 potus
3563 976 3658 1015 su-

2090 1023 2291 1078 mendi.
2336 1024 2536 1089 Quibus
2576 1023 2702 1077 dicit
2734 1023 2947 1090 Paulus,
2980 1024 3097 1079 Non
3126 1036 3199 1081 est
3223 1023 3541 1083 Dominicam
3568 1048 3661 1084 ae-

2090 1111 2207 1146 num
2230 1095 2536 1171 manducare
2563 1110 2583 1148 :
2616 1090 2661 1147 Π
2666 1094 2981 1171 nusquisque_
2993 1097 3123 1149 enim
3142 1114 3292 1171 suam
3311 1116 3500 1153 orenam
3524 1119 3659 1171 pra:-

2089 1174 2244 1218 sumtt
2266 1168 2333 1217 ad
2362 1164 2791 1236 manducandum,
2810 1164 2890 1236 et
2907 1166 3041 1236 alius
3068 1167 3267 1236 quidem
3293 1172 3485 1235 esurit,
3524 1164 3659 1227 alius

2088 1244 2255 1287 autem
2283 1234 2448 1288 ebrius
2471 1242 2561 1303 est.
2592 1231 2856 1303 Numquid
2882 1234 3055 1303 damas
3081 1231 3182 1291 non
3206 1238 3395 1291 habetis
3422 1231 3489 1293 ad
3508 1258 3656 1295 man-

2090 1305 2383 1375 ducandum,
2404 1313 2450 1356 et
2476 1300 2786 1375 bibendum?
2800 1300 3171 1360 autEcclesiam
3201 1308 3294 1363 Dei
3319 1312 3655 1375 contemnitis,

2090 1384 2138 1427 et
2162 1374 2469 1442 confunditis
2495 1390 2597 1433 eos,
2634 1374 2719 1444 qui
2748 1390 2846 1426 non
2872 1375 3087 1429 habent?
3131 1376 3266 1443 Quid
3295 1380 3458 1432 dicam
3478 1374 3660 1437 vobis?

2090 1444 2306 1518 laudabo
2349 1444 2477 1498 vos?
2522 1444 2590 1497 In
2619 1447 2713 1518 hoc
2754 1445 3032 1518 noniaudo
3077 1448 3149 1515 (1.
3175 1447 3291 1503 Cor.
3322 1451 3406 1504 11.
3436 1451 3651 1518 20-25).

2092 1514 2225 1568 Dicit
2253 1523 2520 1596 autemet;
2540 1515 2822 1596 negligenti
2845 1515 2937 1568 illo
2962 1514 3099 1596 circa
3120 1518 3295 1572 cibum
3326 1536 3529 1576 sacrum
3556 1514 3656 1578 usu

2091 1587 2411 1639 tcutationes
2436 1586 2543 1639 illis
2567 1586 2873 1654 contingere
2893 1625 2908 1649 ,
2948 1586 3068 1654 quia
3098 1604 3200 1641 non
3231 1602 3410 1645 sancte
3437 1593 3500 1645 ad
3527 1609 3652 1647 sau-

2090 1664 2231 1709 ctum
2272 1655 2553 1710 accedunt.
2585 1654 2729 1717 Ideo,
2765 1656 2952 1724 inquit,
2981 1658 3112 1709 inter
3138 1674 3223 1712 vos
3254 1672 3369 1713 sunt
3394 1663 3537 1715 multi
3571 1666 3655 1717 in-

2091 1726 2226 1791 ﬁrmi
2253 1737 2298 1779 ct
2324 1725 2613 1786 imbecilles,
2637 1736 2681 1779 et
2711 1724 2964 1779 dormiunt
2989 1726 3153 1781 multi.
3189 1730 3337 1796 Quod
3366 1733 3409 1785 si
3434 1746 3657 1787 nosmet-

2088 1796 2225 1870 ipsos
2261 1798 2628 1870 judicaremus,
2654 1811 2756 1870 non
2773 1796 2944 1870 utique
2958 1796 3306 1870 judicaremur
3333 1803 3410 1870 (l.
3427 1801 3540 1857 Cor.
3569 1806 3653 1859 11.

2088 1866 2303 1937 50.3l).
2337 1867 2623 1935 lmpielatis
2647 1868 2787 1921 enim
2817 1867 3022 1942 culpam
3046 1868 3316 1924 incurrunt
3339 1866 3392 1937 ii,
3421 1876 3509 1942 qui
3538 1890 3659 1930 cor-

2092 1953 2187 2005 pus
2214 1954 2365 1992 suum
2396 1953 2500 1991 non
2528 1945 2826 2007 praeparant
2850 1942 2933 2007 ad,
2959 1942 3488 1997 communicationem
3531 1961 3654 2000 cor-

2092 2010 2234 2080 poris
2278 2009 2462 2078 ipsius,
2491 2006 2633 2075 quod
2663 2007 2815 2080 nobis
2838 2006 3004 2080 dedit.
3033 2019 3089 2080 ut
3116 2026 3234 2064 cum
3263 2012 3352 2066 illo
3382 2016 3559 2080 mixti,
3587 2015 3653 2069 ad

2090 2077 2343 2146 Spiritum
2374 2088 2612 2132 sanctum
2630 2078 3002 2149 irecipiendum
3033 2077 3177 2149 digni
3200 2080 3499 2149 iudicemur
3535 2077 3555 2137 τ’
3575 2088 3652 2139 si-

2089 2149 2300 2217 quidem
2345 2148 2465 2202 ideo
2506 2150 2597 2202 Dei
2628 2147 2860 2220 Verbum
2899 2164 2957 2203 se
2994 2149 3046 2202 in
3094 2147 3290 2219 corpus
3333 2154 3568 2220 immisit,
3600 2168 3654 2212 et

2089 2221 2441 2294 carol’actum
2473 2218 2864 2294 estisecundnm
2884 2218 3237 2294 evangelicum
3266 2237 3446 2278 vooem
3475 2218 3649 2294 (Joan.

2090 2289 2141 2343 1.
2173 2291 2260 2357 Η)
2282 2332 2296 2354 ,
2321 2301 2378 2365 ut
2406 2291 2527 2365 quia
2556 2290 2696 2343 illius
2717 2299 2773 2365 ut
2794 2288 2950 2365 V_erbi
2985 2288 3262 2365 participes
3282 2308 3400 2348 esse
3431 2288 3534 2350 non
3562 2313 3658 2365 po-

2090 2369 2340 2433 teramus,
2368 2361 2530 2433 ipsius
2565 2374 2726 2413 carne
2751 2359 2917 2433 induti
2948 2359 3227 2429 participes
3248 2378 3517 2430 essemus;
3544 2359 3652 2433 s'pi-

2090 2432 2263 2485 rituali
2296 2431 2443 2505 carni
2477 2431 3144 2505 nostraincopulanies,et
3166 2433 3417 2501 Spiritum
3446 2431 3650 2505 spiritui

2089 2511 2363 2575 quantum
2388 2501 2547 2575 licet;
2598 2510 2653 2575 u_t
2689 2500 2902 2575 Christo
2942 2501 3140 2575 simi_|es
3170 2500 3427 2575 essemus,
3462 2500 3649 2575 templa

2089 2570 2314 2639 Spiritus
2342 2570 2485 2641 facti,
2518 2579 2573 2623 ut
2594 2570 2664 2621 ait
2684 2571 2967 2639 Apostolus
3000 2588 3011 2623 :
3044 2571 3253 2641 Templa
3283 2574 3382 2627 Dei
3412 2570 3581 2637 estisf
3601 2588 3652 2632 et

2093 2645 2304 2717 iterum,
2332 2640 2693 2717 Nescitisquia
2722 2657 2935 2717 corpora
2954 2651 3114 2694 vestra
3142 2640 3377 2717 templum
3398 2658 3510 2699 sunt
3533 2648 3652 2717 8ρὶ-

2089 2714 2214 2766 ritus
2260 2714 2441 2776 sancti,
2487 2713 2571 2782 qui
2608 2713 2660 2763 in
2701 2712 2836 2765 vobis
2880 2720 2990 2777 est,
3038 2729 3183 2781 quem
3235 2715 3424 2768 habetis
3472 2734 3502 2769 a
3549 2712 3651 2771 Deo

2092 2784 2165 2848 (l.
2197 2782 2313 2836 Cor.
2341 2784 2392 2835 5.
2428 2785 2516 2836 16.
2547 2793 2593 2835 et
2615 2782 2668 2836 6.
2698 2782 2822 2851 i9)?
2854 2783 2929 2835 Ac
2958 2797 3052 2850 per
3080 2786 3511 2840 commixtionem
3533 2804 3649 2842 cum

2090 2855 2287 2922 Spiritu
2328 2866 2532 2913 sancto,
2583 2852 2877 2923 adcorpus
2904 2852 3276 2923 etiamChristi
3306 2857 3647 2923 pertinemus,

2091 2937 2148 2977 ut
2180 2924 2293 2979 her
2336 2924 2608 2977 foveamus
2656 2922 3194 2992 iu_sanctilicatione,
3237 2922 3525 2992 faveamus,
3567 2922 3649 2983 iné

2091 3011 2271 3064 quam,
2326 3003 2379 3046 ιιι
2430 2993 2666 3047 membra
2716 2990 2932 3065 Christi.
2985 2992 3233 3065 Nescitis.
3277 2997 3369 3056 ait.
3416 2990 3649 3065 quoniam

2090 3061 2310 3138 membra
2356 3074 2552 3138 vestra,
2584 3062 2806 3138 membra
2852 3072 2967 3115 sunt
3013 3061 3241 3138 Christi?
3293 3061 3493 3138 Tollens
3536 3087 3651 3138 ergo

2090 3136 2311 3189 membra
2368 3135 2593 3193 Christi.
2656 3134 2839 3204 faciam
2892 3136 3111 3186 membra
3152 3137 3461 3190 meretricis?
3516 3134 3651 3192 Abiit

2092 3208 2170 3275 (l.
2196 3206 2312 3259 Cor.
2336 3206 2389 3258 6.
2414 3206 2524 3274 l5).
2553 3204 2698 3258 Sacri
2729 3219 2856 3275 ergo
2884 3204 2988 3275 cibi
3012 3217 3316 3273 apparatum
3346 3208 3421 3260 sic
3453 3217 3505 3261 et
3531 3224 3647 3262 cum

2093 3274 2284 3331 talibus
2309 3276 2564 3346 symbolis
2586 3275 2667 3327 lex
2695 3274 2986 3346 ordinavit,
3016 3275 3089 3346 ad
3113 3277 3390 3329 utilitatem
3418 3289 3648 3334 nostram

2092 3349 2315 3416 przcvias
2340 3342 3211 3417 iigurasituncrdisponens.Caput
3241 3357 3429 3411 autem,
3462 3349 3647 3417 inquit,

2090 3413 2205 3471 cum
2232 3413 2440 3486 pedibus
2464 3426 2510 3468 et
2538 3414 2784 3468 intestinis
2801 3413 2999 3486 (Exod.
3025 3415 3109 3468 12.
3126 3413 3191 3485 9)
3211 3432 3240 3486 ;ί
3271 3432 3369 3485 per
3394 3413 3549 3486 capui
3574 3421 3653 3473 in-

2090 3485 2277 3543 dicatis
2307 3486 2511 3539 initium
2545 3486 2803 3557 adventus
2830 3486 2895 3538 ad
2924 3485 3196 3557 homines;
3231 3485 3317 3541 hic
3358 3485 3515 3557 porro
3538 3502 3653 3544 erat

2090 3559 2293 3630 primus
2326 3557 2588 3630 adventus
2620 3574 2632 3607 :
2669 3554 2830 3630 pedes
2857 3566 3029 3609 autem
3054 3555 3172 3609 linis
3193 3554 3549 3630 sunt;‘ethic
3572 3571 3653 3614 est

2090 3626 2357 3684 secundus
2401 3626 2678 3690 adventus,
2724 3626 2840 3680 sine
2882 3641 2987 3693 quo
3024 3641 3120 3680 nec
3152 3630 3309 3695 priori
3333 3629 3652 3683 credendum

2091 3710 2275 3755 esset:
2310 3697 2395 3751 hic
2419 3699 2613 3767 quippe
2640 3711 2744 3767 non
2791 3696 2987 3757 omnia,
3028 3711 3168 3767 qurc
3192 3698 3495 3765 prophetice
3531 3711 3654 3754 sunt

2091 3770 2381 3831 enuntiata,
2412 3765 2664 3835 implevit.
2690 3766 2889 3820 idcirco
2914 3782 3016 3819 non
3049 3765 3271 3821 credunt
3294 3768 3480 3831 Judaei,
3512 3773 3653 3835 quod

2091 3856 2176 3904 ea,
2206 3853 2324 3908 quae
2358 3838 2422 3891 ad
2461 3838 2751 3907 gloriosum
2777 3837 3058 3908 adventum
3091 3847 3350 3908 spectant,
3382 3841 3648 3908 completa

2094 3926 2198 3964 non
2228 3909 2369 3971 sint;
2419 3922 2589 3975 neque
2637 3915 2841 3975 putant,
2886 3907 3031 3960 illum
3070 3907 3247 3976 quiita
3275 3907 3514 3974 advenit,
3532 3926 3651 3965 esse

2090 3980 2379 4034 Christum.
2405 3978 2526 4032 Ideo
2551 3978 2664 4031 hmo
2689 3977 3045 4046 complectens
3070 3979 3161 4043 ait,
3180 3976 3341 4047 Caput
3369 3996 3479 4032 cum
3509 3983 3652 4047 pedi-

2093 4052 2216 4115 bus;
2262 4050 2363 4103 hoc
2412 4056 2514 4109 est,
2560 4048 2810 4129 primum
2837 4048 3119 4129 adventum
3151 4063 3279 4128 cum
3319 4051 3567 4129 secundo,
3598 4060 3657 4105 ut

2092 4132 2147 4175 et
2171 4134 2361 4189 agnuttt
2398 4135 2520 4173 cum
2560 4118 2843 4189 ignominia
2890 4118 2958 4170 ad
3004 4118 3323 4189 occisionem
3369 4120 3653 4174 adductum

2092 4187 2359 4260 reciperes
2390 4190 2689 4251 Dominum,
2733 4197 2787 4260 et
2816 4187 3181 4260 cheni_cuni_
3194 4188 3357 4260 gloria
3386 4204 3652 4260 apparen-

2092 4255 2222 4314 tem'
2238 4259 2447 4313 videres
2480 4275 2492 4311 :
2521 4274 2639 4324 quin
2681 4258 2837 4311 ambo
2880 4255 3124 4326 pnrdixit
3166 4255 3323 4311 Isaias
3350 4255 3603 4327 propheta
3639 4280 3652 4315 :

2092 4346 2266 4399 neque
2314 4328 2737 4397 redemptionem
2782 4327 3157 4399 ierosolymze
3199 4329 3477 4399 exigeres;
3555 4333 3653 4384 sed

2091 4395 2265 4455 adhuc
2298 4395 2654 4464 exspectares,
2685 4406 2743 4451 ut
2765 4397 2959 4468 dicitur
2987 4395 3016 4468 :_’
3041 4395 3207 4468 Veniet
3232 4414 3294 4451 ex
3324 4398 3449 4451 Sion
3474 4400 3559 4468 qui
3582 4400 3650 4452 li-

2090 4472 2254 4537 beret,
2283 4480 2328 4521 et
2352 4477 2535 4522 avertet
2572 4468 2751 4537 impios
2786 4485 2817 4521 a
2854 4466 3014 4520 Iacob
3061 4466 3079 4535 (
3104 4466 3230 4520 Isai.
3260 4468 3348 4522 59.
3376 4468 3464 4522 21.
3487 4466 3651 4525 Rom.

2093 4542 2180 4595 11.
2208 4540 2323 4608 26),
2351 4538 2464 4609 ipso
2489 4548 2734 4609 servante
2763 4537 3029 4591 residuum
3061 4537 3258 4609 populi,
3299 4538 3385 4607 qui
3415 4538 3479 4592 ad
3504 4540 3651 4595 illum

2090 4606 2479 4666 convertendus
2524 4617 2624 4663 est.
2660 4606 2711 4660 In
2742 4610 2911 4676 primo
2948 4617 3122 4660 autem
3162 4606 3391 4676 adventu
3437 4619 3651 4664 contra-

2091 4683 2229 4736 rium
2252 4680 2435 4733 videas
2464 4675 2780 4747 contigisse;
2812 4677 2937 4730 illud
2970 4692 3181 4746 nempe,
3222 4675 3423 4747 Reliqui
3446 4680 3652 4733 domum

2091 4768 2253 4803 meam
2276 4791 2291 4817 ,
2323 4750 2490 4803 dimisi
2524 4746 3085 4809 Itmreditatemmeatn;
3130 4757 3182 4800 et
3207 4746 3374 4813 illud,
3419 4748 3654 4803 Tradidit

2090 4822 2271 4890 impios
2292 4836 2383 4890 pro
2403 4821 2658 4890 sepultura
2677 4821 2807 4890 ejus,
2833 4828 2880 4870 et
2900 4818 3072 4871 divites
3097 4834 3188 4890 pro
3209 4829 3364 4890 morte
3384 4817 3531 4887 (Isai.
3556 4822 3648 4874 57.

2090 4887 2171 4959 9).
2195 4887 2327 4944 Cum
2366 4889 2499 4959 dicit,
2516 4903 2661 4959 ergo,
2694 4888 2855 4959 Caput
2881 4904 2992 4940 cum
3019 4887 3248 4959 pedibus,
3275 4887 3375 4942 hoc
3400 4902 3651 4957 prauum

2093 4957 2186 5015 tiat
2208 4959 2404 5014 Iudaeis
2437 4978 2449 5013 :
2487 4957 2764 5027 luglorium
2812 4958 3015 5028 Domini
3045 4957 3323 5028 adventum
3350 4975 3376 5008 a
3414 4959 3651 5028 gloriOso

2091 5048 2158 5085 ne
2186 5030 2463 5099 separetis,
2489 5040 2543 5082 ut
2571 5045 2637 5082 ne
2660 5027 2916 5083 increduli
2941 5028 3011 5099 ab
3030 5027 3144 5092 ejus
3159 5027 3647 5099 communicasse-

2092 5097 2366 5168 paremini.
2397 5098 2501 5153 Sed
2524 5099 2671 5152 etiam
2711 5114 2822 5151 cum
2848 5098 3092 5151 intestinis
3111 5137 3124 5156 .
3158 5097 3343 5168 inquit.
3373 5098 3505 5164 Quid
3544 5097 3647 5151 hoc

2090 5166 2210 5224 est?
2236 5169 2309 5223 Ne
2337 5169 2761 5222 scandalizemini
2789 5168 2854 5220 de
2892 5168 3002 5236 illo,
3042 5166 3184 5236 quod
3214 5166 3517 5236 apparebit,
3549 5168 3645 5221 sed

2090 5240 2393 5293 abscondita
2420 5240 2579 5293 etiam
2606 5236 2865 5306 dispicite.
2909 5235 2983 5290 Ne
3016 5235 3279 5289 hominem
3306 5252 3422 5290 esse
3446 5277 3459 5300 ,
3506 5238 3646 5290 sicut

2090 5324 2185 5363 vos
2212 5313 2339 5363 estis
2358 5349 2372 5373 ,
2405 5310 2701 5362 existimate
2721 5349 2734 5369 ,
2767 5324 2829 5361 ex
2854 5324 2917 5360 eo
2938 5306 3076 5371 quod
3102 5306 3187 5360 ille
3215 5307 3499 5360 secundum
3526 5322 3647 5360 cor-

2092 5395 2191 5461 pus
2215 5384 2284 5434 sit
2314 5379 2504 5461 liitltlt);
2550 5378 2644 5432 sed
2674 5377 3184 5461 illuni-spirit‘ualiter
3210 5379 3543 5461 cognoscite,
3588 5386 3646 5433 et

2092 5448 2145 5503 in
2174 5452 2286 5518 ipso
2326 5450 2535 5502 Patrem
2564 5448 2911 5516 cognoscetis.
2962 5448 3139 5499 Donec
3166 5448 3306 5499 enim
3332 5448 3471 5514 quod
3500 5449 3643 5503 intus

2091 5529 2173 5574 est
2199 5534 2304 5574 non
2326 5518 2565 5588 respicis,
2591 5533 2760 5586 neque
2786 5519 3149 5570 intestinorum
3165 5532 3383 5570 consors
3403 5532 3481 5583 es,
3509 5534 3644 5572 non-

2090 5592 2216 5643 dum
2246 5590 2517 5642 Christum
2546 5590 2750 5649 vidisti,
2786 5588 3051 5640 hominem
3086 5588 3230 5640 illum
3270 5603 3387 5643 esse
3417 5603 3641 5656 putans,

2093 5678 2195 5715 non
2223 5661 2407 5714 Deum.
2440 5659 2573 5711 Dicit
2600 5669 2775 5712 autem
2801 5658 2908 5718 ille.
2945 5656 3041 5724 Qui
3086 5658 3208 5710 vidit
3229 5674 3321 5711 me
3341 5700 3355 5723 ,
3385 5660 3507 5711 vidit
3538 5658 3644 5713 Po-

2094 5744 2216 5786 trcm
2246 5730 2515 5803 (Joan.l-l.
2539 5728 2615 5801 9).
2641 5727 3085 5784 Considerandum
3113 5737 3285 5782 autem
3305 5738 3406 5797 est,
3427 5728 3551 5800 quid
3573 5732 3645 5785 sit
