4082 6400
320 370 429 427 733

323 483 574 540 adventui
598 483 971 550 reservabatur
993 480 1273 550 perfectio,
1299 480 1544 535 ctclarus
1570 494 1749 534 rerum
1771 494 1904 531 enn-

321 566 556 625 Spectns,
588 547 936 625 qua’ndo'llex
956 547 1369 625 ripsefvidendus
1387 560 1522 625 erat.
1567 551 1763 625 Namsi
1787 566 1906 618 qius

322 622 624 694 imaginem
643 622 896 694 depingat
911 664 928 689 ,
952 624 997 677 is
1024 624 1195 692 primo
1211 624 1374 694 quasi
1400 623 1615 676 umbras
1635 622 1869 694 deliueat
1889 636 1904 683 ;

322 693 518 751 deinde
534 693 803 750 coloribus
822 693 1079 763 picturam
1097 693 1306 762 perﬁcit
1326 711 1338 747 ;
1356 702 1515 761 atque
1533 693 1675 745 aliud
1690 701 1773 763 est
1790 708 1911 745 ocu-

325 769 390 822 lis
410 769 583 837 imago
601 762 918 837 umbratilis;
938 765 1167 833 idipsum
1186 780 1313 819 vero
1332 763 1406 826 id,
1429 765 1679 837 quodper
1694 762 1907 837 colores

324 833 759 907 representatur.
788 836 892 890 Per
913 837 1131 907 umbras,
1149 850 1277 903 ergo
1301 850 1425 888 vera
1456 833 1583 887 mihi
1615 833 1902 907 perpende,

324 904 510 977 et'per
540 906 733 977 ﬁguras
758 922 819 960 ea
841 947 857 969 ,
901 922 1019 975 quae
1062 906 1167 977 illis
1203 913 1683 977 repraesentantur,
1730 904 1909 977 consi-

324 975 485 1042 dera,
525 975 686 1047 atque
725 994 788 1031 ex
836 977 1018 1046 parvis
1063 976 1129 1029 ad
1167 991 1357 1044 magna
1388 976 1623 1030 accede:
1652 990 1720 1029 ne
1762 975 1904 1047 circa

328 1061 523 1103 terram
567 1045 850 1112 verserisa
880 1061 1052 1115 neque
1087 1048 1400 1100 memoriam
1442 1047 1649 1101 recolas
1674 1045 1845 1114 gentis
1875 1061 1903 1095 a

325 1130 552 1191 tyranno
580 1119 835 1183 liberata},
863 1117 1052 1191 salutis
1074 1118 1300 1170 filiorum
1334 1126 1713 1191 temporaneae,
1736 1125 1907 1191 trans—

326 1185 655 1259 migrationis
702 1204 731 1243 a
784 1200 925 1243 terra
966 1189 1019 1242 in
1069 1196 1265 1259 terram
1321 1188 1501 1241 aliam.
1540 1186 1724 1256 Neque
1761 1185 1903 1259 enim

323 1257 599 1327 gentilium
627 1260 962 1314 celebritates
990 1259 1059 1313 ab
1101 1258 1404 1328 hujusmodi
1432 1257 1901 1328 commemoratio-7

327 1333 483 1385 nibus
511 1332 731 1385 multum
761 1330 965 1384 distare
999 1327 1316 1396 comjmries.
1348 1327 1637 1382 Celebrant
1661 1327 1802 1382 enim
1830 1327 1904 1379 illi

326 1403 631 1457 morborum
660 1401 979 1465 curationes,
998 1417 1027 1454 a
1052 1399 1329 1471 tyrannide
1354 1399 1715 1463 liberationes,
1734 1406 1905 1471 trans-

328 1474 674 1542 migrationes
694 1512 709 1535 ,
741 1472 949 1525 urbium
981 1470 1349 1532 fundationes,
1382 1471 1630 1524 victorias
1670 1481 1723 1523 et
1757 1470 1906 1523 simi-

326 1541 432 1606 lia,
465 1552 675 1597 terrena
699 1546 753 1596 et
784 1552 1121 1611 temporanea
1168 1542 1217 1594 in
1242 1541 1504 1595 festorum
1535 1553 1903 1611 argumentum

324 1624 678 1668 assumentes.
706 1612 826 1667 Jam
857 1610 1065 1682 magna,
1097 1611 1278 1665 divina
1305 1623 1359 1665 et
1382 1612 1470 1665 Dei
1500 1610 1638 1665 dona
1668 1627 1905 1666 comme-

326 1698 537 1739 morare
571 1693 785 1753 oportet
818 1698 911 1737 eos
932 1724 947 1746 ,
977 1684 1065 1752 qui
1111 1698 1353 1751 magnam
1392 1691 1450 1736 et
1476 1692 1730 1736 attentam
1759 1683 1903 1735 cele-

326 1756 485 1808 brant
507 1756 938 1817 solemnitatem;
970 1769 1160 1821 nempe
1193 1753 1557 1807 liberationem
1583 1769 1611 1806 a
1641 1753 1902 1806 daemoni-

327 1824 425 1878 bus
452 1824 801 1889 adversariis,
833 1826 921 1893 qui
954 1825 1093 1878 bono
1122 1824 1319 1879 bellum
1353 1824 1615 1886 inferunt,
1642 1824 1783 1892 quia
1814 1824 1904 1877 Dei

326 1911 493 1964 regno
522 1904 809 1949 avertunt:
839 1895 1157 1949 celebranda
1183 1904 1267 1950 eSt
1294 1896 1438 1947 salus
1466 1908 1570 1947 non
1604 1895 1747 1947 brevi
1773 1908 1908 1947 tem-

326 1981 477 2034 pore,
509 1967 601 2020 sed
631 1968 681 2020 in
711 1976 969 2020 aeternum
994 1966 1266 2029 duratura,
1299 1965 1687 2033 transmigratio
1711 1982 1738 2018 a
1765 1975 1903 2018 terra

325 2037 379 2090 in
410 2036 596 2090 cadum
625 2037 677 2090 in
709 2038 953 2105 praisenti
984 2038 1110 2099 vita,
1137 2045 1191 2090 et
1216 2036 1266 2088 in
1297 2036 1685 2105 possessionem
1716 2052 1905 2105 perpe-

325 2114 470 2177 tuam
497 2117 617 2177 post
646 2103 871 2161 futuram
899 2108 1365 2162 resurrectionem.
1392 2103 1657 2174 Egyptus
1682 2103 1906 2161 vexabat

319 2176 554 2241 Judaaos,
606 2181 695 2248 qui
745 2178 899 2231 liberi
948 2186 1104 2231 erant
1148 2192 1212 2232 ex
1259 2186 1477 2245 paterna
1524 2177 1900 2248 successione,

326 2248 552 2317 illosque
584 2247 684 2302 sub
719 2251 986 2302 servitutis
1009 2251 1139 2318 jngo
1170 2248 1416 2311 tenebat,
1447 2261 1643 2317 cogens
1676 2247 1796 2305 illos
1827 2252 1901 2301 la-

325 2320 506 2373 teritio
531 2321 679 2388 operi
716 2321 1024 2373 incumbere
1051 2330 1105 2374 et
1130 2321 1289 2373 urbes
1313 2326 1648 2373 construere.
1678 2319 1902 2388 Symbo-

325 2389 432 2443 lum
465 2390 565 2443 boe
593 2399 676 2442 est
703 2405 1057 2443 arrumnarmu
1107 2389 1324 2453 mundi,
1367 2391 1520 2457 queis
1562 2392 1905 2456 premebatur

322 2475 492 2528 genus
535 2463 823 2514 humanum
846 2502 860 2523 ,
890 2460 1033 2529 quod
1062 2460 1130 2513 ab
1172 2475 1236 2515 ea
1264 2475 1384 2527 qua:
1413 2460 1704 2514 secundum
1740 2463 1901 2515 Deum

322 2540 407 2584 est
429 2532 694 2599 voluptate
718 2542 771 2585 et
796 2547 828 2584 a
862 2532 1104 2585 libertate
1131 2531 1421 2592 exciderat,
1442 2539 1499 2585 et.
1526 2532 1753 2584 terrenis
1777 2547 1902 2600 ope-

324 2602 472 2654 ribus
516 2602 814 2665 iusudabat,
864 2618 927 2656 ac
977 2602 1206 2670 peritura
1258 2601 1595 2655 tabernacula
1638 2604 1900 2670 parabat:

320 2674 447 2741 quia
478 2672 607 2725 nihil
633 2674 772 2740 apud
817 2674 1058 2726 homines
1094 2671 1289 2727 stabile
1316 2673 1396 2727 vel
1439 2680 1608 2725 tutum
1646 2679 1759 2732 est,
1810 2675 1901 2728 sed

324 2744 502 2796 omnia
530 2742 882 2797 humanarum
914 2759 1163 2797 manuum
1203 2757 1364 2812 opera
1398 2757 1429 2795 a
1465 2750 1706 2809 tempore
1742 2743 1903 2797 absu-

323 2824 561 2867 muntur.
609 2814 691 2867 Ab
736 2814 837 2868 hac
884 2829 981 2867 nos
1024 2816 1280 2868 servitute
1318 2812 1434 2868 vult
1464 2813 1601 2867 Deus
1639 2812 1901 2881 liberare,

322 2898 447 2952 erga
467 2898 599 2953 opus
620 2900 773 2938 suum
792 2885 973 2939 labore
998 2900 1311 2954 oppressum
1330 2885 1669 2937 miseratione
1688 2884 1900 2951 ductus,

324 2965 383 3007 ut
409 2958 534 3007 olim
565 2955 747 3008 videns
776 2956 1118 3010 altlictionem
1162 2956 1390 3008 filiorum
1434 2954 1631 3017 Israel,
1665 2954 1809 3023 ipsos
1839 2957 1903 3007 li—

323 3023 533 3078 beravit
561 3040 655 3093 per
680 3036 834 3079 terra:
864 3028 1137 3095 promissa:
1161 3027 1569 3093 possessionem.
1600 3024 1905 3081 Voluntarie

320 3098 466 3149 enim
510 3096 577 3149 ad
626 3097 788 3150 Deum
831 3099 1024 3151 reverti
1066 3106 1280 3166 Oportet
1318 3109 1432 3159 eos,
1474 3096 1565 3164 qui
1607 3097 1915 3151 voluntarie-

325 3167 651 3239 resilieruut.
683 3167 959 3222 illiduntur
979 3170 1121 3222 servi
1150 3169 1319 3239 legem
1344 3166 1632 3239 atterentes
1656 3183 1797 3239 ,_per
1825 3174 1901 3222 te-

319 3253 443 3306 gem
484 3238 550 3290 ad
585 3238 842 3307 justitiam
882 3252 1170 3305 vocantes,
1194 3237 1297 3306 per
1333 3238 1591 3306 justitiam
1629 3237 1697 3290 ad
1736 3238 1900 3293 Deum

321 3312 598 3373 ducentes,
628 3324 786 3377 parva
816 3310 1025 3363 interim
1048 3311 1305 3377 supplicna
1328 3307 1645 3362 adverSariis
1670 3321 1873 3377 potesta

324 3380 464 3433 tibus
510 3379 797 3433 inferentes
817 3420 831 3445 ,
862 3383 1084 3433 necdum
1113 3380 1402 3449 perfectam
1446 3378 1733 3449 perniciem
1761 3420 1774 3439 .
1806 3381 1899 3433 sed

321 3465 389 3502 ex
421 3459 570 3519 parte
599 3460 798 3504 tantum
822 3491 837 3515 ,
872 3448 1197 3503 adducentes
1219 3491 1234 3515 ,
1265 3450 1455 3519 impios
1482 3448 1715 3501 nondum
1749 3452 1904 3518 plane

318 3521 391 3574 de
437 3521 612 3574 [taedio
650 3521 916 3575 tollentes.
966 3522 1075 3575 Hoc
1104 3522 1246 3575 enim
1289 3520 1659 3573 resrrvabalur
1692 3522 1900 3574 Domini

320 3591 595 3657 adventui,
643 3595 728 3660 qui
778 3603 896 3660 post
925 3606 1108 3646 servos
1136 3596 1247 3645 suis
1272 3589 1458 3653 adfuit.
1492 3591 1690 3643 llorum
1723 3604 1900 3645 autem

324 3664 506 3730 ligurze
540 3672 597 3716 et
630 3664 866 3733 symbola
908 3672 1094 3727 erant,
1115 3662 1323 3732 Moyses
1351 3662 1543 3714 missus
1584 3660 1652 3713 ad
1690 3661 1903 3716 Jttda‘os

317 3747 445 3784 cum
467 3736 679 3787 Aarone
711 3736 892 3791 fratre.
926 3735 989 3788 ad
1020 3736 1217 3787 cultum
1249 3734 1337 3787 Dei
1365 3746 1583 3797 vocans,
1617 3733 1781 3801 plagis
1810 3749 1903 3801 per

323 3817 503 3871 partes
551 3805 803 3858 immissis
841 3803 1121 3873 [Egyptios
1164 3805 1450 3858 verberans
1482 3814 1697 3871 propter
1733 3820 1900 3872 popu-

321 3873 430 3927 lum
478 3879 527 3927 in
571 3877 877 3930 servitutem
923 3878 1191 3928 redactum
1222 3884 1278 3928 et
1301 3875 1577 3927 al'llictum.
1616 3873 1807 3927 Verum
1840 3880 1902 3929 iis

322 3945 393 3997 ita
426 3946 623 4013 gestis,
653 3948 827 3999 adhuc
869 3945 1026 3998 Israel
1068 3946 1115 3997 in
1147 3944 1381 4014 Egypto
1407 3954 1540 4006 erat,
1573 3959 1662 4016 rex
1695 3944 1899 4016 [Egyp-

322 4016 518 4068 tiorum
558 4032 677 4069 cum
713 4017 822 4070 Deo
847 4018 1020 4070 adlmc
1050 4032 1281 4084 pugnare
1313 4016 1537 4083 poterat.
1583 4014 1755 4083 Plaga:
1782 4014 1898 4068 'ini-

322 4100 440 4138 vem
470 4086 718 4140 iltttlltSStB
750 4089 991 4148 fuerant,
1026 4098 1078 4140 et
1118 4087 1351 4140 nondum
1380 4100 1466 4139 res
1500 4086 1731 4153 perlecta
1763 4098 1897 4140 erat.

319 4153 648 4210 Postremum
680 4157 1189 4225 inferri'oportebat.
1223 4157 1691 4226 primogenitornm
1720 4158 1901 4211 interi-

323 4237 457 4291 tum,
485 4238 540 4280 et
573 4239 751 4294 postea
782 4229 1027 4281 lsraelem
1058 4230 1222 4281 exire.
1252 4227 1346 4280 llic
1373 4242 1540 4295 agnus
1568 4229 1889 4292 immolatur,

318 4307 375 4350 et
418 4298 611 4351 aedium
660 4298 1002 4351 Hebraeorum
1046 4298 1187 4351 fbrcs
1225 4299 1482 4367 sanguine
1512 4307 1795 4365 unguntur,
1838 4316 1901 4355 ac.

320 4382 417 4437 per
479 4370 747 4437 sanguinis
806 4368 1106 4439 symbolum
1161 4368 1497 4437 primogeniti
1559 4368 1896 4439 ltebrzeorum

320 4438 467 4493 necis
494 4439 699 4508 plagam
728 4438 1003 4509 effugiant.
1034 4440 1329 4493 Comedunt
1358 4454 1550 4509 agnmn
1586 4438 1751 4491 Judaei
1777 4456 1898 4495 eum

316 4514 605 4581 azymisict
645 4507 1089 4581 herbisiamaris.
1117 4510 1335 4581 Exeunt‘
1356 4507 1422 4563 ei
1451 4507 1722 4578 Egypto;
1755 4511 1898 4565 inse-

317 4579 498 4651 quitur
527 4580 734 4633 Pharao
772 4596 895 4634 cum
934 4580 1151 4650 reliquis
1180 4579 1477 4651 Egyptiis;
1506 4586 1573 4632 ad
1602 4594 1747 4634 mare
1786 4581 1895 4635 Ru-

318 4652 471 4705 brum
523 4653 760 4717 veniuut,
812 4654 949 4720 quod
1004 4652 1229 4704 divisum
1271 4667 1366 4719 per
1410 4653 1658 4705 virtutem
1711 4652 1800 4707 Dei
1844 4665 1898 4708 et

314 4724 517 4792 virgam
563 4722 778 4792 Moysis,
822 4723 1015 4792 excipit
1060 4723 1271 4791 quidem
1309 4724 1597 4776 exercitum
1643 4722 1896 4777 Hebraeo—

313 4790 432 4847 rum
459 4832 476 4856 ,
522 4790 613 4846 sed
651 4790 953 4861 ingressam
983 4790 1567 4865 [Egyptiaicanracieiii
1610 4793 1891 4865 demergit.

316 4866 497 4934 Agnus
534 4865 623 4916 tibi
652 4865 893 4917 Christus
914 4870 996 4918 es‘t
1024 4861 1245 4918 ui'exitu
1273 4879 1338 4916 ex
1366 4861 1467 4917 hoc
1497 4862 1725 4928 mundo,
1755 4861 1819 4920 et
1843 4877 1895 4922 te

314 4933 569 4987 transfert
608 4935 658 4986 iu
698 4935 915 4994 czelum,
950 4951 1055 5001 quo
1084 4935 1323 4989 ascendit
1351 4936 1469 4996 ille;
1503 4948 1553 4986 te
1576 4950 1786 5003 quoque
1814 4937 1895 4990 itt-

312 5007 459 5057 ducit
488 5006 540 5058 iu
583 5014 837 5057 aeternam
872 5008 1053 5057 vitam.
1082 5007 1213 5058 Cum
1246 5005 1497 5058 transfert
1526 5003 1794 5059 hominem
1826 5024 1892 5061 ex

313 5075 513 5129 Davide
554 5080 773 5138 natmn',
808 5091 909 5127 una
951 5090 1161 5145 quoque
1190 5075 1444 5129 transfert
1470 5090 1598 5139 eos,
1641 5079 1731 5143 qui
1767 5093 1891 5131 eum

311 5148 561 5215 morigeri
594 5146 802 5214 sequuti
831 5140 985 5207 sunt,
1014 5140 1115 5215 qui
1135 5162 1238 5199 non
1277 5151 1411 5198 ultra
1442 5150 1631 5200 timent
1660 5140 1894 5201 Pharao-

312 5232 459 5280 nem,
486 5231 658 5285 neque
683 5216 819 5285 ui'tra
848 5218 1139 5269 immaueut
1165 5217 1214 5268 iu
1237 5218 1522 5270 servilibus
1564 5227 1619 5270 et
1638 5220 1891 5273 a-ruiunis

311 5289 560 5349 terrenis,
574 5281 677 5354 per
711 5281 853 5339 illam
887 5289 1127 5354 exiguam
1158 5296 1212 5340 et
1249 5291 1495 5340 acerbam
1525 5290 1883 5355 voluptatem,

311 5365 465 5426 cuius
506 5368 685 5428 typum
716 5357 899 5409 habuit
933 5358 1091 5428 Israel
1125 5370 1218 5425 per
1242 5372 1391 5411 esum
1420 5357 1660 5410 carnium
1681 5399 1696 5423 ,
1726 5373 1886 5427 cepa-

312 5447 428 5484 rum
460 5426 794 5481 et‘alliorum
844 5429 893 5479 in
934 5426 1180 5497 rEgypto.
1215 5428 1357 5481 'l‘alis
1385 5436 1467 5481 εει
1507 5431 1660 5495 hujus
1707 5426 1887 5483 nuiiidi

311 5503 576 5567 voluptas,
601 5516 718 5567 qua:
738 5499 1052 5551 acet‘rimam
1082 5499 1241 5551 habet
1264 5510 1314 5551 et
1344 5500 1712 5567 complicatam
1738 5502 1887 5553 Suill-

308 5572 603 5626 citudinum
651 5570 856 5621 turbam
898 5584 913 5632 ;
954 5573 1221 5622 carnalem
1286 5585 1407 5622 vero
1450 5582 1609 5638 atque
1661 5572 1884 5625 ferinam

307 5646 512 5697 ventris
539 5640 841 5709 ingluviem.
872 5638 989 5691 Tibi
1021 5657 1047 5690 a
1082 5641 1345 5692 mundana
1373 5642 1474 5692 vita
1500 5656 1750 5709 egressi),
1781 5642 1884 5695 ini-

308 5713 437 5767 titnn
495 5726 632 5763 vera:
670 5713 790 5762 vita:
834 5712 1023 5773 adest;
1072 5714 1208 5781 sicut
1254 5712 1357 5763 illis
1402 5710 1604 5765 Pascna
1648 5716 1881 5781 typicum

304 5786 514 5839 initium
560 5783 818 5833 mensium
863 5791 1000 5833 erat.
1041 5780 1190 5833 Nune
1231 5786 1375 5834 enim
1423 5782 1626 5834 initimn
1674 5780 1880 5838 \tveiult

302 5868 410 5925 est,
456 5852 666 5925 quando
714 5852 955 5903 sa:culari
998 5862 1049 5904 et
1088 5864 1312 5906 terrena:
1350 5853 1469 5907 vita:
1498 5854 1875 5908 itltl‘cnuullgs;

620 5960 892 6020 Parum.
937 5958 1056 6016 Cn.
1108 5957 1263 6016 LIX.

1671 365 1734 419 ω
1774 326 2035 417 υλεωλ
2083 358 2140 413 v.

3500 364 3604 418 734

2014 491 2154 530 nunc
2178 477 2380 531 invenis
2403 494 2581 533 veram
2614 480 2774 534 vitam
2794 520 2809 542 ,
2838 496 2955 547 qtae
2990 489 3075 534 est
3115 483 3167 536 in
3198 483 3407 550 spiritu.
3441 483 3599 537 Clit-i-

2014 558 2127 600 stus
2143 549 2474 622 immolatur.
2519 550 2699 617 Itaque
2735 552 2980 620 agnoscis
3009 549 3329 607 sacrificium
3359 553 3477 622 eius
3504 573 3600 620 pro

2015 620 2337 692 tegoblatum
2370 620 2570 692 fuisse.
2622 621 2770 675 Tunc
2802 622 2894 675 tibi
2946 622 3199 692 impletur
3249 620 3411 688 illud,
3455 625 3602 691 Sicut

2010 690 2133 762 oris
2159 690 2225 741 ad
2269 691 2567 744 occisionem
2609 691 2789 745 ductus
2832 702 2924 757 est,
2970 690 3181 747 etsirut
3224 711 3387 762 agnus
3426 702 3601 750 carum

2010 760 2243 833 tondente
2268 778 2321 814 se
2357 773 2522 814 mutus
2550 761 2701 831 (Isai.
2733 762 2821 817 55.
2853 763 2931 833 7).
2959 760 3306 819 Mansuetudo
3335 775 3512 819 autem
3546 771 3598 822 in

2011 830 2106 902 illo
2137 832 2386 902 przeviam
2414 833 2529 885 ovis
2559 830 2778 902 figuram
2803 830 2981 887 servat
3012 852 3024 886 :
3062 850 3315 889 ascensus
3340 846 3520 890 autem
3546 840 3598 894 in

2008 901 2172 975 altum
2204 901 2321 956 siue
2343 901 2691 975 depressione
2728 904 2793 957 ad
2824 905 2924 957 ima
2957 905 3097 960 haedi
3128 921 3371 975 gressum
3402 908 3468 965 ad
3497 924 3596 963 ex-

2007 972 2148 1042 celsa
2179 984 2481 1027 conservat.
2513 973 2699 1041 Caprae
2740 990 2969 1042 namque
3000 975 3066 1029 ad
3096 972 3306 1031 eicclsa
3347 987 3401 1031 et
3430 982 3595 1032 ardua

1992 1041 2123 1101 ,loca
2150 1044 2348 1097 saliunt
2372 1053 2428 1099 et
2450 1045 2765 1098 ascendunt.
2794 1041 3031 1099 Sublimi:
3060 1058 3237 1101 autem
3269 1058 3322 1102 et
3355 1047 3591 1102 homini-

2010 1112 2353 1187 bus_accessu
2381 1114 2600 1168 difﬁcile
2637 1116 2827 1170 cailum
2872 1125 3007 1180 erat,
3048 1132 3115 1171 ex
3161 1134 3261 1186 qua
3292 1116 3380 1174 die
3416 1121 3597 1187 lapsus

2008 1194 2092 1237 est
2121 1183 2282 1236 homo
2308 1201 2336 1238 a
2365 1187 2546 1239 divino
2575 1194 2861 1255 praecepto,
2893 1188 3037 1240 carui
3068 1183 3310 1244 serviens
3335 1200 3388 1245 et
3410 1206 3437 1244 a
3466 1183 3594 1245 san~

2007 1266 2096 1307 cto
2135 1256 2334 1323 Spiritu
2369 1267 2664 1323 separatus.
2700 1258 2956 1311 Ascendit
2993 1267 3171 1312 autem
3199 1270 3254 1314 et
3290 1270 3341 1315 te
3379 1280 3591 1319 sursum

2007 1324 2224 1379 adducit
2248 1327 2427 1381 divina
2462 1329 2673 1381 victuua
2707 1342 2800 1395 pro
2825 1337 2875 1382 te
2903 1329 3194 1382 immolata.
3220 1330 3419 1385 Tecum
3448 1337 3590 1388 cnim

2010 1396 2099 1479 ille
2130 1408 2373 1479 mortuus
2394 1408 2495 1462 est,
2522 1408 2577 1478 ut
2608 1398 2661 1451 tu
2693 1399 2837 1479 vivas
2862 1399 3046 1479 in_illo.
3076 1399 3450 1479 Sanguis'vero
3470 1409 3593 1479 agni

2008 1467 2257 1542 salutaris
2282 1469 2376 1521 tibi
2396 1478 2499 1532 est,
2529 1468 2574 1523 si
2607 1469 2833 1542 accedas
2861 1470 2926 1522 ad
2956 1469 3096 1524 hunc
3117 1467 3428 1542 sanguinem
3463 1467 3596 1529 ηδε--

2009 1536 2150 1615 liter,
2190 1540 2235 1593 si
2276 1553 2464 1594 sensus
2493 1547 2549 1594 et
2573 1540 2923 1609 cogitationes
2952 1550 3089 1615 tuas,
3128 1536 3241 1611 perv
3255 1558 3389 1612 quas
3419 1545 3596 1615 ingn-

2006 1607 2150 1665 ditur
2183 1624 2511 1686 _mors_cum_
2547 1607 2788 1686 peccato,
2832 1626 2926 1681 per
2968 1607 3303 1686 ﬁdem’quas'i
3334 1607 3593 1686 sanguine

2008 1679 2265 1753 tuereris,
2311 1680 2451 1735 sicut
2494 1681 2659 1735 Israel
2704 1679 2895 1753 aditus
2929 1679 3187 1751 sanguine
3234 1679 3481 1753 ungebai.
3528 1690 3585 1743 Si

2005 1750 2242 1829 enim-iu
2286 1760 2337 1805 te
2382 1766 2477 1820 per
2521 1753 2704 1829 oculos
2749 1767 2851 1805 non
2885 1750 3120 1829 iugi-casa
3149 1750 3588 1829 fuerit—concupi-

2007 1820 2231 1896 scentia,
2266 1836 2366 1875 nec
2398 1838 2490 1891 per
2518 1822 2779 1896 auditum,
2815 1838 2908 1890 per
2928 1820 3200 1896 olfactiuu,
3237 1840 3332 1894 per
3350 1820 3585 1896 gustum,

2006 1889 2101 1963 vel
2117 1905 2208 1963 per
2231 1889 2452 1955 tactmii,
2486 1893 2565 1946 vel
2597 1892 2769 1947 adhuc
2799 1889 2893 1961 per
2912 1889 3285 1963 cogitationes,
3313 1889 3458 1954 m'ors
3485 1889 3590 1957 non

2008 1959 2105 2039 tibi
2125 1960 2464 2039 dominatur;
2504 1964 2688 2039 sedin
2709 1959 2933 2033 corpore
2961 1959 3429 2023 mortificatimiem
3452 1971 3591 2039 ,Jesn

2008 2028 2210 2107 ferens,
2240 2035 2398 2107 vitam
2432 2034 2651 2089 habebis
2679 2035 2728 2087 in
2752 2028 2978 2103 corpore
3007 2046 3096 2089 tuo
3126 2030 3492 2107 conspicuam.
3534 2056 3592 2098 et

2006 2100 2085 2176 sic
2111 2104 2453 2176 pertransibit
2482 2120 2624 2158 mors
2649 2121 2744 2175 per
2765 2100 2992 2174 primum
3024 2100 3296 2176 parentem
3328 2100 3590 2169 Adamum

2009 2171 2170 2249 illata,
2206 2184 2261 2227 ut
2289 2171 2867 2249 “clamorum—domos
2900 2171 3247 2249 supergressa
3274 2181 3359 2233 est
3386 2183 3588 2249 primo-

2005 2243 2304 2315 genitorum
2345 2247 2623 2313 pernicies.
2657 2245 2780 2300 Ideo
2824 2243 2986 2315 hujus
3008 2243 3125 2301 festi
3160 2264 3352 2304 nomen
3384 2243 3584 2309 Pascha

2006 2324 2091 2395 est
2120 2314 2423 2395 siguili‘cmis
2447 2318 2729 2395 transitum
2762 2334 2772 2367 :
2803 2314 3171 2395 Immaculata!
3204 2320 3293 2372 tibi
3324 2333 3398 2395 est
3428 2342 3590 2395 agnus

2232 2386 2318 2439 l2.
2346 2386 2425 2464 5‘),
2449 2388 2821 2464 immaculatus
2846 2388 2987 2464 enim
3015 2398 3099 2443 est
3133 2388 3311 2464 Jcsus.
3330 2392 3448 2464 Qui
3460 2381 3591 2464 "pec-

2004 2464 2316 2526 cotumjnon
2363 2459 2506 2526 fecit,
2550 2458 2751 2525 inquit,
2789 2474 2877 2511 nec
2902 2460 3127 2514 inventus
3149 2470 3222 2513 est
3249 2462 3397 2516 dolus
3420 2458 3593 2519 ἰδίου-ε

2005 2524 2305 2602 ejusflsai.
2334 2524 2423 2583 53.
2457 2530 2489 2581 9
2510 2530 2549 2602 )_.
2582 2524 2844 2602 Perfectus
2874 2531 3143 2602 masculus.
3171 2530 3303 2586 Nam
3334 2536 3590 2602 perfectio

1999 2594 2223 2663 justitia:
2262 2609 2348 2651 est
2400 2594 2551 2670 apud
2582 2594 2750 2653 solum
2796 2615 2979 2653 verum
3026 2600 3245 2670 Regem.
3295 2594 3590 2663 Anniculus

2004 2680 2174 2741 agnus
2199 2678 2282 2721 est
2314 2671 2499 2723 aeterni
2526 2669 2725 2724 Christi
2758 2669 2947 2739 figura.
2977 2669 3289 2741 Symbolum
3314 2677 3457 2728 enim
3486 2693 3591 2732 sa:-

2004 2737 2110 2789 culi
2138 2748 2223 2818 est
2248 2753 2455 2805 annos,
2494 2741 2583 2809 qui
2624 2754 2767 2809 saepe
2801 2737 2858 2794 in
2886 2737 3276 2818 _omiii_s:ecul_o
3303 2744 3443 2818 idem
3477 2749 3590 2818 ipse

2006 2808 2326 2881 revolvitur,
2351 2820 2406 2864 et
2431 2808 2619 2865 omnes
2650 2808 3030 2867 conversiones
3060 2812 3112 2866 in
3143 2829 3201 2868 se
3233 2814 3423 2881 habet,
3457 2808 3588 2875 novi

2008 2877 2239 2931 hominis
2266 2882 2431 2950 figura
2452 2923 2467 2946 ,
2498 2882 2548 2935 in
2576 2898 2683 2951 quo
2710 2893 2942 2937 vetustas
2982 2882 3225 2937 humanm
3269 2877 3466 2942 nostra:
3495 2880 3589 2944 na-

2008 2958 2143 3002 tura:
2183 2951 2237 3030 in
2278 2954 2569 3030 Illi-Vllt'llc‘tit
2605 2962 2801 3030 ututata
2828 2961 2913 3030 est
2938 2968 2953 3006 :
2982 2953 3359 3030 nantqlnduite,
3398 2959 3585 3030 inquit,

2005 3034 2189 3072 novum
2219 3022 2469 3095 hominem
2497 3021 2795 3095 (Ep/tein}.
2828 3023 2942 3092 24).
2974 3021 3589 3092 Agniimmaculata'na;

1980 3086 2125 3157 itura
2172 3086 2601 3167 etiperfeetioue
2662 3086 2916 3157 indutus,
2961 3086 3128 3165 agitus
3194 3096 3285 3151 Dei
3338 3086 3592 3167 eris;et

2007 3174 2128 3214 cmn
2183 3164 2723 3239 exhibueris_mrpus
2782 3174 2929 3217 tuum
2989 3164 3215 3239 hostiam
3270 3164 3582 3239 viventem,

2008 3240 2269 3296 sanctam,
2317 3234 2425 3287 Deo
2469 3235 2785 3303 placentem,
2810 3236 3107 3305 secundum
3132 3237 3482 3305 iApostolum,
3516 3234 3586 3300 ad

2005 3313 2259 3375 aeternam
2291 3306 2450 3358 vitam
2475 3304 2849 3360 transmitteris
2877 3304 3051 3375 (Rom.
3086 3304 3173 3359 l2.
3207 3308 3283 3374 1).

2076 3372 2131 3425 2.
2162 3372 2351 3450 Yiden‘l
2367 3374 2566 3450 Pascha
2592 3387 2736 3450 tuum
2764 3372 2908 3450 nullo
2926 3377 3093 3450 modo
3105 3372 3402 3450 comparari
3428 3397 3586 3450 posse

2003 3457 2127 3496 cum
2154 3442 2376 3498 Judaico
2396 3487 2410 3508 .
2442 3446 2535 3499 sed
2570 3446 2901 3499 umbratilem
2931 3461 3051 3498 eum
3083 3446 3173 3499 illo
3198 3442 3399 3503 tantum
3427 3442 3579 3508 simi-

2008 3514 2283 3593 Iittulinein
2317 3516 2553 3593 habere?
2597 3515 3007 3593 Infansmquippe
3032 3527 3115 3570 est
3158 3514 3322 3572 Israel
3366 3522 3417 3573 in
3462 3526 3585 3593 agni

2004 3584 2286 3659 sacrificio,
2311 3586 2434 3638 dum
2459 3597 2607 3656 putat
2630 3586 2758 3659 illud
2784 3586 2889 3659 Deo
2908 3584 3035 3659 esse
3060 3603 3223 3659 curae,
3251 3599 3306 3643 et
3336 3607 3429 3659 per
3451 3584 3584 3650 ilfud

2004 3669 2067 3708 se
2094 3656 2322 3729 salutem
2349 3658 2650 3729 consequi,
2678 3658 2802 3710 dum
2833 3656 2961 3729 illud
2995 3673 3098 3711 non
3131 3658 3285 3729 habet
3315 3656 3467 3729 quasi
3518 3664 3582 3719 ft-

2002 3740 2188 3797 guram
2224 3726 2445 3792 hostize,
2480 3726 2597 3797 qua:
2630 3742 2757 3781 vere
2786 3727 3013 3781 salutem
3058 3728 3217 3797 parit.
3248 3726 3425 3794 Quare
3451 3735 3582 3791 dicit

2007 3796 2109 3848 illis
2154 3797 2303 3868 Deus,
2323 3814 2416 3867 per
2444 3796 2731 3852 Jeretniani
2764 3817 2777 3850 :
2813 3797 2937 3850 Non
2968 3796 3184 3868 prtécrpi
3227 3802 3363 3854 vobis
3408 3805 3472 3857 de
3497 3824 3583 3859 sa-

2002 3868 2227 3948 criﬁciis.
2258 3867 2322 3948 Et
2350 3886 2448 3922 non
2468 3879 2540 3922 est
2561 3870 2698 3948 apud
2714 3868 2885 3948 peum
2908 3867 3223 3921 mendacium
3241 3869 3371 3948 (Jer.
3394 3875 3443 3929 7.
3465 3878 3580 3948 2:2);

2004 3938 2073 3989 ita
2106 3950 2197 4002 ut,
2241 3941 2287 3993 si
2320 3938 2663 4009 przeCeperit,
2695 3939 2839 3994 dicat
2859 3954 2919 3993 se
2954 3956 3060 3993 non
3090 3943 3427 4009 praecepisse.
3471 3938 3578 4002 Sed

2000 4009 2081 4061 rei
2114 4011 2282 4062 virtus
2310 4010 2681 4064 manifestatur
2705 4050 2721 4074 ,
2754 4015 2875 4080 quia
2906 4009 3219 4079 prophetico
3251 4030 3400 4069 more
3425 4019 3584 4073 sacri-

2004 4082 2181 4132 licium
2224 4081 2580 4147 offerebatur,
2617 4092 2672 4136 ut
2714 4080 3148 4150 prtesiguiliearet
3185 4081 3382 4137 Christi
3413 4091 3581 4141 sacri-

2003 4150 2202 4226 tioium.
2236 4158 2312 4204 Ac
2339 4169 2459 4226 cum
2498 4153 2640 4226 Deus
2664 4168 2857 4226 agnum
2886 4153 3169 4226 immolare
3197 4156 3577 4226 praecipiebat,

1999 4220 2268 4298 Christum
2320 4224 2583 4298 indiciihat
2614 4220 3213 4298 imtitolandmn,atque
3258 4220 3434 4281 (iuiuia
3462 4220 3583 4298 qua:

1999 4292 2067 4343 ad
2090 4296 2676 4366 agnumpertiuebant,
2708 4310 2771 4348 ea
2799 4308 2917 4364 quze
2937 4294 3004 4366 ad
3032 4294 3302 4349 Christum
3333 4292 3581 4366 spectant

2003 4364 2413 4439 prietigurabaut
2441 4383 2454 4419 :
2483 4381 2551 4439 ex
2592 4368 2784 4439 quibus
2808 4368 2915 4439 alia
2953 4364 3063 4433 jam
3094 4366 3270 4439 vidisti
3291 4364 3437 4439 ,alia
3482 4386 3580 4439 pro

2000 4434 2137 4487 virili
2163 4436 2459 4489 considera.
2482 4437 2536 4489 In
2562 4437 2783 4503 singulis
2807 4436 3150 4491 Hebraeorum
3181 4436 3431 4493 domibus
3457 4434 3578 4497 erat

1998 4517 2169 4571 agnus
2202 4521 2338 4559 unus
2366 4522 2429 4560 ex
2477 4522 2536 4561 se
2578 4507 2849 4576 perfectus
2870 4547 2885 4570 ,
2912 4515 2968 4576 et
3009 4508 3251 4561 carnium
3280 4508 3396 4576 ejus
3434 4515 3578 4567 nulla

2001 4589 2127 4643 pars
2151 4575 2472 4645 efferebatur
2499 4575 2648 4631 extra
2676 4578 2913 4639 domum.
2933 4575 2986 4628 in
3013 4593 3113 4645 qua
3138 4575 3439 4635 inunolatns
3466 4581 3579 4637 fue-

2000 4654 2103 4698 rat.
2131 4644 2261 4700 Nam
2288 4650 2338 4701 in
2366 4650 2511 4702 omni
2543 4648 2782 4702 Ecclesia
2817 4689 2832 4714 ,
2863 4652 2915 4702 in
2946 4644 3089 4700 omni
3121 4649 3300 4703 anima
3327 4650 3575 4709 Christus

1999 4714 2195 4786 ubique
2220 4728 2335 4783 est,
2364 4730 2419 4773 et
2458 4734 2719 4789 nusquam
2751 4735 2876 4789 pars
2896 4721 3011 4788 ejus
3038 4729 3264 4774 tantum.
3296 4719 3472 4777 Multa:
3501 4726 3574 4780 ibi

2000 4800 2129 4860 oves
2155 4797 2211 4841 et
2239 4790 2361 4859 agni
2406 4800 2563 4843 erant
2600 4791 2651 4842 in
2696 4790 2916 4860 singulis
2960 4789 3243 4845 domibus:
3272 4807 3406 4847 unus
3446 4810 3576 4849 vero

1995 4856 2243 4932 Christus
2259 4856 2320 4932 in
2344 4861 2489 4914 omni
2515 4862 2690 4914 anima
2712 4901 2726 4923 ,
2753 4856 2809 4915 et
2839 4863 2883 4914 is
2915 4861 3027 4929 ipse
3056 4871 3159 4915 est.
3182 4863 3428 4932 Quinque
3450 4866 3572 4919 die-

1998 4926 2096 4981 bus
2125 4930 2268 4983 domi
2299 4933 2558 4985 retinetur
2582 4947 2750 5001 agnus
2774 4974 2788 4994 ,
2816 4946 2848 4984 a
2874 4926 3080 5002 decima
3108 4933 3176 4984 ad
3200 4926 3446 5002 quatiam
3469 4937 3570 4989 de-

1992 5005 2222 5067 cimam;
2253 5002 2445 5055 deinde
2488 5004 2567 5056 sic
2594 5002 2899 5056 immolatur
2922 5001 3126 5057 decima
3155 5001 3343 5071 quarta
3379 5006 3466 5059 die
3506 5011 3575 5062 ad

1998 5086 2274 5145 vesperam
2296 5087 2325 5125 a
2348 5072 2651 5126 Iudaeorum
2682 5087 2971 5144 synagoga.
2997 5073 3092 5128 llis
3114 5075 3348 5145 quinque
3384 5075 3573 5131 diebus

1991 5143 2356 5212 significantur
2375 5145 2609 5212 quinque
2649 5143 2902 5213 temporis
2927 5147 3098 5215 spatia
3145 5145 3211 5199 ad
3238 5143 3445 5201 Adamo
3475 5164 3568 5201 us-

1992 5232 2096 5284 que
2122 5215 2189 5268 ad
2227 5218 2741 5285 consummationem
2770 5233 2783 5267 :
2816 5232 2976 5269 unum
3008 5231 3175 5285 usque
3205 5216 3271 5270 ad
3290 5216 3446 5279 Noe,
3491 5219 3571 5271 al-

1992 5296 2164 5339 terum
2195 5301 2224 5339 a
2249 5284 2362 5339 Noe
2392 5299 2561 5354 usque
2594 5286 2961 5357 adAbralnun
2982 5328 2998 5350 ,
3042 5284 3254 5341 tertium
3297 5301 3462 5357 usque
3502 5288 3567 5347 ad

1991 5357 2227 5426 Moysem
2248 5398 2264 5421 ,
2296 5367 2543 5425 quartum
2570 5371 2600 5409 a
2636 5356 2816 5427 Moyse
2845 5373 3009 5426 usque
3034 5357 3101 5412 ad
3141 5357 3337 5412 Christi
3366 5356 3562 5412 adven-

1992 5438 2143 5491 tum,
2193 5429 2436 5497 quintum
2489 5441 2726 5495 praesens
2774 5429 2842 5479 ab
2890 5430 3117 5483 adventu
3164 5444 3279 5495 ejus
3328 5438 3560 5498 tempus.

1992 5498 2301 5553 Immolatur
2338 5507 2519 5551 autem
2547 5499 2612 5551 ad
2642 5512 2922 5565 vesperam
2951 5516 2964 5550 :
2994 5501 3118 5567 quia
3169 5499 3220 5550 in
3255 5500 3358 5553 line
3384 5500 3567 5555 δωρειιί

1986 5585 2109 5623 cum
2138 5568 2283 5623 omni
2314 5584 2578 5638 synagoga
2598 5582 2917 5622 consensum
2943 5569 3168 5638 praebuit
3194 5568 3356 5623 Israel
3384 5581 3573 5625 contra

1988 5640 2283 5694 Christum.
2318 5642 2401 5693 Ab
2424 5641 2577 5693 ίιιίιίο
2608 5638 2809 5693 Christi
2839 5640 3133 5693 innnolatio
3179 5640 3571 5709 intelligebatur

1989 5726 2205 5781 semper
2237 5712 2287 5763 iu
2331 5711 2668 5779 passionibus
2693 5721 2961 5776 iustorum
2990 5713 3059 5764 ab
3080 5710 3256 5764 Abele
3297 5711 3443 5779 justo
3468 5753 3483 5777 ,
3512 5723 3567 5766 et

1986 5784 2039 5836 in
2069 5782 2317 5836 omnibus
2340 5782 2584 5836 Christus
2611 5792 2726 5835 erat
2751 5783 2837 5849 qui
2862 5782 3157 5848 patiebatur
3181 5796 3197 5843 ;
3224 5796 3571 5835 consumma-

1985 5866 2096 5908 tum
2125 5863 2305 5908 autem
2331 5852 2381 5911 id
2411 5853 2538 5920 fuit,
2568 5854 2779 5923 quando
2819 5868 3054 5921 praisens
3097 5852 3149 5904 in
3175 5851 3357 5923 seipse
3381 5869 3569 5925 passus

3142 5952 3220 6012 bii
