4082 6400
625 413 693 470 ξςῖί
2115 403 2377 458 SI’UltM.
3761 401 3839 457 736

593 539 677 584 est
708 528 919 580 divinus
949 541 1138 595 agnus.
1170 525 1450 592 Etiamque
1477 523 1714 595 ejusdem
1745 520 1947 595 mensis
1972 519 2180 572 decima

593 608 778 670 quarta
802 591 1006 670 passus'
1023 610 1126 670 est.
1159 606 1213 650 et
1249 591 1466 670 tradidit
1506 591 1751 670 Spiritum
1779 591 1843 642 ad
1881 604 2181 656 vesperam.

597 663 674 724 Ᾱρ
722 663 1018 725 secundum
1068 668 1204 721 hanc
1247 667 1467 733 figuram
1517 663 1834 732 dispositum
1880 673 1992 713 erat
2021 700 2034 719 ,
2069 671 2120 712 ιιι
2152 677 2180 711 :t

591 741 799 796 decima
829 740 916 792 die
938 754 1104 807 agnus
1127 737 1191 791 ad
1221 735 1543 790 sacrificium
1567 742 1933 807 assumeretur
1958 770 1970 787 .
2002 733 2184 807 et‘im-

592 812 886 865 molaretur
926 802 1132 862 decima
1165 817 1351 876 quarta
1393 807 1479 860 die
1522 805 1586 858 ad
1617 818 1935 876 veSperam;
1985 802 2107 876 quia
2147 816 2179 855 a

594 881 852 951 principio
882 880 1142 951 passionis
1161 870 1448 951 consilium
1473 870 1728 951 statutum
1755 875 1958 951 fuerat,
1990 872 2044 925 in
2074 870 2179 926 fine

591 945 717 1005 vero
748 945 858 1020 ipsa
883 945 1067 1018 passio
1100 948 1216 1002 fuit.
1252 949 1457 1020 Deinde
1488 946 1616 1000 mihi
1647 945 1930 999 considera
1976 957 2180 1011 prince-

591 1034 738 1090 ptum
769 1019 876 1075 Dei
904 1022 1044 1075 circa
1071 1020 1193 1089 agni
1240 1019 1623 1090 comestionem
1651 1058 1666 1080 ,
1686 1031 1859 1090 quam
1889 1028 2090 1090 novum_
2125 1022 2180 1067 et

591 1083 914 1161 stupendum
947 1093 1017 1146 sit
1059 1109 1071 1144 :
1106 1083 1238 1145 'Non
1279 1089 1532 1144 comedes
1577 1083 1932 1161 agni:ca_rnes
1962 1083 2174 1161 crudas.

595 1155 724 1229 Quis
753 1165 896 1217 enim
949 1177 1163 1216 carnem
1197 1161 1416 1215 crudam
1447 1155 1732 1213 comedat?
1777 1156 1942 1218 Esto,
1975 1155 2178 1208 dictum

593 1236 698 1298 sit,
747 1248 851 1287 non
880 1247 1095 1298 assam,
1137 1247 1202 1286 ne
1230 1247 1406 1285 moras
1447 1231 1758 1283 traherent:
1793 1241 1912 1279 nam
1961 1234 2176 1298 tempus

591 1296 848 1372 urgebat;
897 1304 1024 1373 quid
1052 1296 1134 1356 est
1162 1313 1340 1356 autem
1367 1301 1493 1354 illud
1509 1316 1668 1373 A,_non
1695 1298 1920 1373 crudum
1939 1339 1953 1362 ,
1979 1296 2072 1350 sed
2102 1312 2181 1373 go-

589 1367 728 1428 ctti'm
765 1367 935 1445 ignif-
950 1374 1119 1429 Nemo
1148 1375 1290 1427 enim
1319 1381 1482 1445 vetat
1507 1371 1559 1424 id
1599 1369 1740 1445 quod
1761 1367 2176 1445 _ntttt'iqtiatn_lit.

596 1447 698 1498 Sed
720 1486 735 1508 ,
768 1438 825 1499 iit
846 1444 953 1498 dixi
975 1487 988 1507 ,
1016 1460 1113 1514 per
1143 1446 1337 1511 liguras
1359 1458 1444 1497 res
1471 1438 2028 1514 ipsm'signilicantur.
2051 1438 2180 1514 Cru-

563 1519 569 1523 ’
593 1518 714 1570 dam
747 1516 949 1588 profert
965 1508 1204 1569 sanetam
1229 1529 1413 1588 escam
1437 1508 1710 1588 quitideni
1729 1510 1959 1588 Otiosam
1981 1508 2175 1588 habet;

595 1579 771 1640 assam
823 1586 1210 1652 voluptuosus,
1262 1586 1350 1651 qni
1401 1579 1469 1637 in'
1505 1584 1627 1636 vitae
1674 1583 1900 1652 segnitie
1943 1579 2175 1652 difﬂuit.

593 1660 884 1714 Strenuum
927 1650 1045 1710 fidei
1085 1672 1220 1724 opus
1249 1650 1332 1709 eSt
1357 1697 1372 1720 ,
1420 1655 1472 1708 in
1507 1655 1694 1723 spiritu
1742 1651 2038 1724 ardentigct
2067 1650 2177 1724 fer-

596 1730 739 1782 venti
790 1745 899 1781 rein
946 1719 1224 1797 perlicere.
1258 1719 1426 1794 Caput
1454 1719 1575 1778 cum
1608 1723 1830 1794 pedibus
1860 1734 1934 1797 e_t_
1963 1719 2176 1797 intesti-

593 1801 676 1853 nis
703 1792 985 1854 comedere
1003 1798 1279 1868 jubentur.
1315 1792 1390 1850 Ex
1417 1800 1588 1864 capite
1609 1792 2172 1868 agnosccChristnm,

593 1872 719 1939 quia
751 1879 874 1922 ante
900 1863 1091 1922 Saecula
1136 1869 1274 1922 Deus
1301 1878 1413 1927 est,
1446 1863 1604 1936 caput
1636 1863 1989 1939 invisibiliset
2015 1863 2176 1939 spiri-

595 1933 755 1995 tiialis
811 1940 1104 2001 Ecclesia};
1139 1954 1202 1992 ex
1256 1938 1478 2007 pedibus
1515 1933 1686 2002 item,
1736 1934 1857 2004 quia
1911 1933 2088 2007 homo
2122 1933 2174 2007 in

590 2012 901 2065 novissimis
951 2011 1159 2063 saeculis
1205 2005 1268 2062 in
1291 2019 1488 2062 terram
1517 2009 1767 2070 advenit;
1796 2021 1862 2060 ex
1913 2005 2178 2058 intestinis

595 2098 843 2150 quoque,
895 2083 1015 2148 quia
1063 2082 1326 2134 occultam
1379 2080 1432 2132 in
1479 2095 1640 2133 carne
1690 2079 1940 2150 virtutem
1976 2076 2178 2128 habens

593 2147 755 2221 atque
800 2147 1097 2220 justitiam,
1147 2167 1252 2204 non
1307 2151 1479 2204 solum
1523 2151 1590 2202 ah
1630 2147 2029 2221 exterioribus,
2059 2161 2177 2215 quae

594 2218 764 2278 oculis
802 2218 1191 2292 percipiuntur,
1214 2221 1361 2274 utilis
1383 2221 1705 2292 etsalutaris
1735 2230 1817 2271 est
1845 2218 2172 2292 participan-

554 2312 556 2314 τ
584 2296 766 2354 tibus;
798 2287 891 2348 sed
921 2287 1084 2347 etiam
1114 2292 1411 2347 secundum
1445 2291 1698 2345 interiora
1726 2301 1779 2344 et
1805 2287 2035 2344 occulta.
2069 2287 2174 2340 Co-

593 2366 881 2418 meduntur
911 2375 1088 2418 autem
1119 2378 1309 2417 carnes
1338 2373 1498 2416 noctu
1525 2405 1538 2425 ,
1568 2371 1622 2417 et
1660 2361 1724 2414 ad
1766 2359 1906 2414 diem
1935 2358 2064 2412 nihil
2091 2375 2177 2414 re-

557 2435 560 2438 ’
592 2436 867 2504 linquitur.
900 2433 1354 2488 Commemoratio
1393 2435 1535 2487 enim
1561 2441 1645 2487 est
1682 2430 1883 2486 Christi
1911 2430 2176 2504 passionis

595 2507 647 2559 in
689 2500 937 2574 tempore
997 2507 1168 2559 noctis
1216 2505 1374 2572 hujus
1425 2504 1646 2568 mundi,
1689 2513 1812 2574 post
1854 2500 2176 2574 quam__dies

592 2570 898 2644 splendebit
923 2586 977 2630 et
1003 2577 1108 2628 vita
1135 2570 1331 2630 Christi
1354 2574 1650 2644 apparebit.
1681 2570 1986 2644 Secundum
2019 2570 2172 2644 illud,

594 2641 718 2701 Nox
755 2648 1004 2714 prtecessit
1029 2688 1042 2708 ,
1077 2646 1182 2699 dies
1216 2641 1834 2715 antent'nppropinquavit
1866 2641 2041 2711 (Rom.

595 2720 710 2788 12).
739 2712 871 2772 Ossa
893 2717 1008 2784 ejus
1029 2734 1185 2770 nemo
1214 2712 1528 2788 comminuit
1551 2733 1564 2769 :
1597 2712 1767 2788 neque
1793 2715 1936 2788 enim
1961 2712 2174 2788 carnifi-

594 2784 684 2844 ces
714 2804 869 2843 crura
899 2789 1094 2842 Christi
1120 2787 1500 2857 confregerunt
1523 2828 1538 2852 ,
1569 2787 1857 2840 contractis
1887 2784 2165 2857 tatnen_si-

594 2860 701 2912 tunl
729 2860 1100 2912 crueilixorum
1129 2855 1344 2912 ossibus
1365 2900 1380 2921 ,
1425 2868 1480 2911 ut
1504 2858 1820 2912 testificatur
1845 2855 2172 2924 evangelista

587 2928 769 3002 (Joan.
804 2929 887 2983 19.
913 2929 1028 3002 55).
1055 2929 1246 3002 Herba:
1276 2944 1474 2982 amarae
1494 2969 1508 2990 ,
1533 2944 1656 3002 quae
1681 2943 1800 2981 cum
1818 2942 1965 3002 agno
1992 2941 2174 3002 come-

590 2996 886 3062 debantur,
940 2996 1336 3052 tribulationum
1403 2999 1751 3052 acerbitatem
1816 2996 2168 3061 indicabant;

589 3088 774 3142 azyma
799 3069 1191 3138 simplicitatem
1223 3070 1723 3142 sinceritatemque,
1758 3077 1813 3121 ut
1833 3069 1906 3142 ait
1933 3067 2168 3142 Paulus;

592 3138 799 3206 id'est,
835 3157 938 3194 non
987 3141 1200 3195 misceri
1247 3155 1405 3210 posse
1451 3141 1525 3194 ait
1572 3156 1692 3192 cum
1726 3139 1895 3193 veteri
1940 3138 2172 3210 nequitia

590 3228 781 3266 novatn
833 3213 1101 3265 virtutem.
1160 3209 1343 3266 Restat
1388 3220 1447 3264 ut
1495 3210 1731 3264 habitum
1778 3209 2170 3264 comedentium

591 3284 794 3336 Pascha
817 3281 1164 3351 spiritualiter
1185 3283 1438 3351 explores
1460 3292 1515 3335 et
1540 3281 1765 3335 imiteris
1790 3298 1803 3333 :
1829 3281 1881 3351 in
1904 3279 2166 3350 spirituali

593 3369 823 3421 namque
850 3350 1144 3421 corporalis
1180 3350 1390 3406 habitus
1419 3354 1796 3419 comperietnr.
1824 3350 1940 3405 Non
1971 3361 2054 3405 est
2082 3365 2170 3404 res

592 3439 722 3476 vana
749 3466 763 3486 ,
797 3423 890 3477 sed
932 3438 1067 3487 opus
1111 3423 1346 3477 salutare
1388 3422 1601 3478 lumbos
1632 3432 1752 3476 tuos
1799 3423 2123 3491 praecingere
2147 3461 2164 3487 ,

590 3511 696 3549 non
720 3508 1007 3563 corporcos
1032 3495 1245 3562 cingulo
1265 3535 1279 3559 ,
1310 3494 1403 3548 sed
1435 3495 1629 3547 animae
1661 3494 1871 3547 lumbos
1904 3508 2170 3562 praapara-

589 3567 753 3619 tione.
783 3566 976 3618 Calcea
1005 3566 1250 3618 similiter
1279 3567 1438 3633 pedes
1472 3566 1520 3617 in
1552 3565 1943 3632 prmparatione
1985 3565 2166 3618 Evan—

588 3637 712 3705 gelii
735 3677 749 3700 ,
780 3635 1072 3689 secundum
1093 3636 1405 3705 Apostolum
1435 3635 1647 3705 (Ephes.
1677 3635 1728 3688 6.
1768 3635 1876 3701 15).
1912 3633 2167 3688 Baculnm

591 3712 641 3760 in
671 3708 912 3760 inanibus
943 3705 1097 3766 habe,
1135 3723 1238 3757 non
1266 3708 1518 3774 lignemn,
1548 3706 1640 3760 Sed
1673 3706 1830 3759 fidem
1858 3717 1908 3759 te
1939 3705 2166 3759 fulcien-

589 3788 717 3832 tetu.
749 3777 911 3831 Totus
942 3777 1032 3829 ille
1059 3777 1265 3830 habitus
1295 3787 1554 3829 vmtoruin
1586 3787 1720 3842 erat,
1751 3792 1935 3830 eorum
1963 3777 2166 3831 scilicet

2291 518 2378 586 qui
2413 515 2735 590 festinabant
2758 533 2820 590 ex
2845 517 3078 590 Egypto
3101 517 3286 590 exire;
3315 526 3368 590 tu
3397 517 3588 573 melius
3615 517 3803 576 imitare
3821 566 3833 586 ,

2289 590 2442 659 quasi
2470 587 2727 660 festinans
2754 589 2821 642 ad
2851 587 3052 643 exitum
3080 589 3147 644 de
3174 589 3374 644 mundo
3402 599 3458 644 et
3483 589 3550 644 de
3574 594 3837 660 corruptio-

2291 677 2376 713 ne.
2429 659 2671 713 Studium
2703 660 2876 721 adsit.
2925 661 3178 730 nullaque
3214 661 3468 728 segnities
3513 663 3564 715 in
3609 659 3835 730 spirituali

2287 731 2408 799 agni
2433 730 2782 784 comestione.
2816 731 2912 785 Hic
2934 733 3133 799 optima
3161 741 3242 785 est
3267 731 3539 801 diligentia
3571 772 3586 796 ,
3615 748 3716 786 non
3742 750 3837 801 quae

2287 802 2640 855 voracitatem
2684 801 3079 856 comedentium
3110 816 3302 856 carnes
3330 804 3631 869 exprimat;
3666 803 3749 857 sed
3773 806 3840 860 di-

2289 872 2469 925 vinum
2515 888 2756 927 amorem
2798 873 3048 927 exhibeat
3079 889 3264 927 eorum
3291 915 3305 938 ,
3339 876 3426 942 qui
3453 888 3521 929 ex
3561 874 3751 927 mundo
3788 877 3840 931 ad

2289 943 2454 996 Deum
2489 943 2762 996 festinant.
2802 942 3017 1012 Septem
3046 943 3236 997 diebus
3278 959 3462 1012 azyma
3505 945 3837 1000 comedeban-

2287 1022 2408 1077 tur;
2443 1015 2490 1066 id
2519 1024 2603 1068 est
2625 1056 2639 1075 ,
2671 1029 2766 1081 per
2796 1024 2961 1068 totam
2989 1015 3152 1067 vitam
3199 1015 3481 1068 sinceritas
3506 1015 3702 1069 valeat.
3732 1017 3839 1070 Nam

2323 1102 2381 1138 er
2408 1093 2614 1154 septem
2643 1085 2759 1139 dies
2799 1094 2970 1138 totum
3005 1094 3210 1154 tempus
3243 1085 3647 1153 multiplicatur.
3693 1087 3748 1142 Et
3770 1091 3840 1156 qui

2308 1159 2608 1209 ermentum
2633 1157 2792 1210 habet
2817 1156 3282 1210 exterminabitur.
3311 1156 3443 1209 Nam
3472 1158 3672 1210 veteris
3698 1157 3842 1211 honii.

2286 1226 2369 1279 nis
2399 1226 2632 1295 nequitia
2658 1227 2958 1296 perniciosa
2993 1236 3106 1290 est,
3140 1242 3239 1280 nec
3268 1238 3443 1294 potest
3467 1243 3586 1280 cum
3621 1231 3734 1282 novi
3765 1229 3842 1282 lio-

2285 1298 2444 1350 niiuis
2487 1298 2690 1364 justitia
2742 1306 2796 1351 et
2840 1298 3126 1351 sanctitate
3174 1298 3534 1353 commisceri.
3587 1298 3669 1352 Ac
3716 1300 3839 1354 vides

2282 1367 2428 1436 juste
2460 1368 2661 1421 illatam
2693 1383 2814 1422 esse
2851 1369 2996 1422 illam
3053 1377 3272 1436 propter
3322 1369 3641 1424 fermentum
3689 1372 3841 1437 perni-

2285 1440 2422 1492 ciem
2450 1456 2464 1493 :
2497 1451 2720 1508 propter
2765 1454 3049 1493 commune
3087 1448 3265 1492 autem
3308 1441 3460 1507 panis
3504 1439 3838 1505 fermentum,

2287 1525 2393 1562 non
2428 1511 2709 1582 ivideretur
2738 1509 2876 1582 Deus
2903 1511 3046 1582 juste
3075 1509 3359 1582 indignari.
3391 1509 3606 1582 .lustitia
3635 1526 3835 1582 namque

2287 1596 2390 1652 non
2425 1581 2476 1633 in
2510 1580 2648 1650 typis
2674 1580 3122 1652 deprehenditur,
3137 1580 3230 1652 sed
3257 1581 3307 1633 in
3336 1581 3411 1635 rei
3435 1583 3663 1636 veritate
3689 1580 3842 1652 splen-

2285 1650 2377 1722 det
2403 1663 2456 1704 et
2486 1652 2822 1720 agnoscitur:
2852 1651 2990 1705 sicut
3014 1664 3067 1705 et
3098 1651 3183 1704 illa
3216 1652 3395 1705 unctio
3421 1650 3838 1722 sangiiinis,‘qua:

2282 1721 2501 1776 videtur
2538 1722 2750 1790 indigna
2782 1723 2890 1776 Deo
2910 1763 2924 1784 ,
2961 1723 3195 1785 tollitur,
3227 1722 3441 1791 quando
3479 1722 3651 1792 figura
3676 1721 3839 1778 secun-

2283 1792 2412 1845 dum
2443 1793 2517 1846 rei
2545 1795 2823 1846 veritatem
2867 1803 3160 1862 spectatur.
3207 1792 3520 1848 Indecorum
3567 1795 3708 1848 enim
3751 1795 3840 1849 Deo

2282 1873 2424 1917 esset
2448 1879 2609 1932 egere
2647 1865 2941 1933 sanguine,
2967 1863 3034 1917 ad
3075 1864 3477 1934 cognoscendas
3518 1864 3838 1920 Hebrworum

2283 1934 2460 2005 :edes;
2495 1935 2586 1988 sed
2616 1935 3181 1988 convenientissimum
3229 1935 3326 2002 ipsi
3355 1945 3436 1989 est
3458 1976 3472 1995 ,
3500 1935 3645 2005 quod
3676 1952 3760 2003 per
3792 1940 3842 1989 li-

2283 2004 2406 2057 dem
2451 2006 2500 2056 in
2542 2005 2738 2058 Chriin
2771 2005 3085 2074 sanguinem
3123 2004 3530 2076 cognoscamus
3555 2006 3626 2058 ab
3670 2007 3773 2074 ipso
3797 2019 3840 2062 et

2283 2077 2509 2129 salutem
2540 2091 2953 2144 consequamur.
3003 2078 3194 2130 Annon
3239 2078 3398 2130 etiam
3440 2076 3695 2131 indecens
3720 2089 3840 2132 esset

2284 2145 2413 2216 illud
2443 2147 2585 2216 quod
2624 2148 3085 2201 circumcisionem
3111 2157 3324 2216 spectat
3351 2149 3670 2215 simpliciter
3707 2149 3842 2203 intel-

2282 2215 2479 2287 ligere,
2515 2220 2663 2286 quasi
2702 2217 2846 2271 Deus
2887 2220 3032 2272 serio
3069 2217 3290 2284 jusserit
3337 2234 3494 2282 eum,
3526 2220 3617 2287 qui
3665 2219 3839 2273 Pascha

2281 2298 2620 2342 comesturus
2649 2290 2755 2351 sit,
2788 2289 3138 2354 circumcidi,
3171 2291 3215 2342 si
3262 2304 3366 2342 non
3396 2299 3540 2343 esset
3587 2292 3842 2344 Circumci-

2281 2373 2410 2423 sus,
2443 2369 2498 2413 et
2539 2361 2616 2413 sic
2653 2359 2719 2412 ad
2757 2361 3142 2413 comestionein
3171 2360 3474 2415 accedere?
3519 2359 3575 2414 Si
3607 2377 3728 2413 vero
3750 2361 3842 2416 cir-

2280 2430 2625 2502 cumcisionis
2649 2432 2898 2502 virtutem
2921 2431 3255 2502 Spiritualein
3282 2431 3528 2502 noveris,
3554 2433 3841 2502 mysterium

2279 2501 2488 2572 videbis
2513 2543 2527 2567 ,
2569 2511 2623 2555 et
2655 2501 2820 2556 Deum
2851 2502 3194 2572 glorificabis.
3223 2500 3576 2556 Circumcisio
3615 2500 3844 2572 genitalis

2282 2571 2510 2626 membri
2557 2581 2692 2626 erat.
2728 2572 2808 2626 Ab
2835 2583 2989 2638 ortu,
3022 2590 3055 2623 o
3083 2571 3247 2626 homo
3269 2615 3284 2637 ,
3331 2573 3724 2642 operimentum
3762 2576 3845 2626 ha-

2278 2641 2472 2709 buiSti,
2497 2644 2635 2712 quod
2663 2645 2948 2712 oportebat
2977 2653 3028 2698 te
3062 2658 3346 2699 removere
3366 2684 3381 2707 ,
3411 2655 3468 2696 ut
3495 2655 3684 2712 operto
3712 2645 3842 2697 vultu

2278 2715 2560 2768 veritatem
2585 2715 2812 2779 videres,
2839 2729 2937 2768 nec
2961 2716 3061 2768 sub
3084 2725 3297 2768 terreno
3324 2716 3568 2783 corporis
3601 2726 3848 2784 tegumen-

2282 2795 2336 2839 to
2368 2786 2512 2839 illam
2559 2788 2877 2855 respiceres.
2903 2785 3034 2840 Cum
3065 2788 3207 2841 enim
3255 2785 3481 2840 nudatus
3507 2786 3673 2841 fueris
3697 2803 3725 2841 a
3749 2802 3850 2840 car-

2279 2872 2382 2910 neo
2405 2853 2664 2925 corpore,
2694 2857 2760 2910 ad
2789 2853 3064 2910 Christum
3095 2867 3150 2909 ut
3177 2856 3397 2923 spiritus
3423 2858 3660 2921 accedis,
3687 2871 3739 2912 et
3761 2858 3849 2910 Do-

2278 2929 2428 2980 mino
2473 2929 2682 2981 haerens
2727 2941 2864 2980 unus
2902 2928 3122 2996 spiritus
3159 2927 3390 2982 efliceris
3444 2943 3538 2995 per
3581 2943 3781 2982 sacram
3806 2938 3852 2982 et

2275 3000 2562 3052 salutarem
2593 2999 3051 3066 participationem
3074 3040 3088 3062 ,
3112 3015 3272 3068 quam
3305 2999 3576 3052 indicabat
3619 3001 3842 3052 carnium

2227 3091 2235 3100 '
2275 3074 2555 3124 comestio.
2587 3069 2921 3123 Circumcide
2950 3079 3005 3122 et
3033 3085 3170 3125 ettite
3207 3085 3406 3136 corpus
3436 3078 3558 3136 post
3587 3069 3845 3124 Christum

2276 3141 2571 3195 secundum
2617 3140 2836 3194 Paulum
2856 3180 2871 3202 ,
2919 3143 3008 3210 qui
3038 3142 3112 3194 ait
3137 3155 3150 3190 :
3179 3141 3470 3195 Circumcisi
3502 3143 3623 3195 estis
3649 3142 3850 3194 circnm-

2275 3211 2464 3266 cisione
2488 3228 2587 3264 non
2615 3228 2768 3264 manu
2795 3211 2949 3278 facta.
2974 3212 3025 3264 in
3049 3211 3415 3280 exapoliatione
3429 3214 3662 3280 corporis
3677 3212 3847 3272 carnis,

2274 3285 2328 3337 in
2373 3283 2754 3336 circumcisione
2782 3280 2970 3354 Christi
3012 3281 3146 3354 (Col.
3190 3281 3246 3335 2.
3286 3282 3404 3354 11);
3445 3291 3613 3351 atque
3656 3284 3723 3354 ita
3752 3281 3845 3354 cir-

2273 3355 2540 3408 cumcisus
2572 3354 2715 3406 omni
2763 3352 3030 3418 avaritia,
3074 3369 3228 3406 vanae
3271 3353 3453 3424 gloria:
3491 3363 3549 3406 et
3590 3352 3855 3422 voluptatis

2275 3440 2492 3489 amore,
2538 3424 2718 3477 divina
2763 3434 2814 3478 te
2861 3424 3084 3494 impleas
3126 3439 3282 3489 esca,
3330 3441 3447 3492 quie
3481 3434 3534 3478 te
3565 3425 3633 3479 ad
3674 3424 3846 3478 uelum

2273 3496 2468 3558 ducat,
2503 3506 2554 3549 te
2594 3496 2784 3549 liberet
2822 3511 2852 3547 a
2877 3496 3033 3547 malis
3059 3496 3522 3559 dominatorihus,
3568 3506 3721 3550 eruat
3747 3510 3854 3563 gra-

2273 3568 2508 3620 vissimis
2539 3566 2810 3620 laboribus
2834 3607 2849 3631 ,
2884 3569 3281 3635 gloriosninqne
3310 3567 3403 3619 tibi
3433 3581 3498 3619 ac
3543 3569 3756 3621 beatum
3793 3563 3851 3617 ad

2280 3638 2446 3691 Deum
2497 3637 2727 3692 reditum
2774 3637 3055 3702 conciliet,
3111 3637 3162 3690 in
3207 3636 3422 3691 Christo
3463 3636 3600 3692 .Iesu
3653 3636 3856 3693 Domino

2273 3721 2458 3763 nostro
2481 3748 2497 3774 ,
2527 3709 2614 3762 cui
2645 3710 2815 3779 gloria
2844 3707 2896 3761 in
2925 3708 3120 3762 saecula
3150 3711 3495 3763 saeculorum.
3531 3713 3726 3764 Amen.

1792 3975 1859 4019 IN
1904 3976 2065 4020 IDEM
2108 3975 2577 4019 ARGUMENTUM.
2625 3976 2712 4020 νι.

661 4103 714 4154 1.
749 4101 926 4155 Sacrae
951 4102 1147 4156 Christi
1179 4103 1310 4155 lucis
1338 4102 1468 4155 radii
1496 4105 1608 4170 jam
1638 4103 1939 4172 splendent,
1971 4114 2022 4157 et
2052 4120 2179 4172 pura

589 4173 706 4242 puri
756 4172 987 4240 Spiritus
1029 4174 1304 4226 luminaria
1348 4173 1630 4239 oriuntur,
1661 4177 1891 4228 carlestis
1921 4185 2095 4228 autem
2127 4185 2183 4229 et

590 4245 751 4311 regia:
773 4244 1066 4297 divinitatis
1081 4244 1264 4312 gloria:
1290 4243 1570 4297 thesauros
1593 4247 1856 4314 aperiunt.
1876 4243 1988 4299 Nox
2012 4246 2178 4300 multa

588 4327 644 4368 et
672 4315 897 4368 obscura
931 4315 1179 4383 absorpta
1210 4322 1292 4368 est
1337 4325 1391 4367 et
1438 4317 1636 4383 ingrata
1686 4330 1830 4368 mors
1860 4317 2177 4382 obscurata;

591 4388 694 4438 vita
723 4387 985 4440 universis
1014 4397 1196 4467 aperta
1220 4395 1323 4466 est,
1354 4394 1408 4440 et
1424 4386 1555 4466 _luce
1583 4387 1798 4466 perenni
1823 4387 2004 4467 omnia
2025 4387 2176 4454 plena

593 4468 714 4509 sunt
742 4496 756 4518 ,
789 4465 948 4524 atque
978 4457 1213 4510 orientes
1243 4457 1528 4511 orientium
1563 4459 1867 4510 universum
1898 4459 2138 4512 obtinent
2163 4478 2174 4511 :

589 4527 1216 4598 etiHeanteilncilerum
1245 4527 1474 4593 genitus,
1493 4528 1844 4598 immortalis,
1875 4535 1928 4582 et
1955 4543 2179 4598 magnus

594 4595 838 4663 splendet
875 4597 1121 4651 Christus
1162 4598 1426 4667 universis
1455 4597 1572 4665 plus
1599 4612 1756 4667 quam
1800 4597 1898 4651 sol.
1949 4595 2180 4667 Ideoque

594 4668 746 4735 longa
778 4677 832 4720 et
857 4676 1057 4738 aeterna
1090 4669 1243 4721 nobis
1272 4666 1631 4738 credentibus
1650 4669 1702 4721 in
1745 4669 1859 4738 ipso
1886 4668 2002 4723 dies
2027 4666 2181 4725 adest

591 4738 836 4810 candida,
859 4737 1059 4810 Pascha
1086 4739 1388 4810 mysticum,
1411 4737 1867 4810 ﬁguratequidem
1893 4753 1987 4808 per
2007 4740 2178 4810 legem

591 4807 955 4880 celebratum;
988 4807 1190 4862 Pasclia
1211 4849 1243 4880 ,_
1271 4809 1513 4862 mirabile
1539 4809 1733 4863 divina:
1765 4807 1974 4864 virtutis
2002 4807 2181 4880 et'po-

592 4879 798 4951 testatis
841 4895 1008 4947 opus;
1053 4895 1179 4934 vere
1222 4878 1412 4934 festum
1443 4889 1498 4951 et
1527 4881 1836 4934 memoriale
1881 4878 2178 4951 legitimum

593 4949 1108 5016 sempiternumzex
1152 4951 1399 5018 passione
1441 4949 1863 5019 impassibilitas,
1908 4949 1973 5006 cit
2005 4963 2180 5008 morte

595 5020 986 5091 immortalitas,
1019 5037 1086 5074 ex
1114 5021 1390 5084 iuventute
1415 5021 1542 5084 vita,
1574 5037 1636 5074 ex
1669 5021 1820 5091 plaga
1853 5023 2082 5086 medela,
2111 5038 2179 5078 ex

591 5089 743 5158 lapsu
768 5093 987 5164 erectio.
1017 5107 1079 5144 ex
1109 5089 1679 5164 descensuiascensus.
1706 5089 1795 5146 Sic
1821 5093 1962 5164 Deus
1989 5109 2177 5164 magna

590 5171 872 5226 operatur;
921 5162 998 5216 sic
1040 5177 1105 5217 ex
1151 5162 1567 5230 impossibilibus
1606 5163 1868 5231 stupenda
1909 5174 2056 5218 creat
2075 5162 2098 5228 ,'
2125 5174 2181 5219 ut

591 5231 904 5286 ostendatur
954 5236 1123 5302 ipsum
1155 5233 1326 5286 solum
1359 5233 1623 5287 volentem
1656 5237 1832 5287 omnia
1864 5249 2040 5302 posse.
2076 5235 2180 5288 Has

595 5302 790 5367 liguras
817 5305 907 5357 lex
937 5305 1216 5357 annuutiet
1238 5343 1252 5368 ,
1288 5303 1544 5373 imagines
1569 5305 1811 5358 veritatis
1841 5305 1987 5374 prius
2013 5307 2178 5359 inter-

592 5381 832 5438 pretetur
879 5375 1159 5444 augelnsL
1185 5389 1435 5444 magnum
1477 5376 1651 5444 magni
1697 5375 1854 5444 Regis
1892 5377 2178 5429 adventum

594 5445 887 5507 praedicatis
919 5463 929 5496 :
959 5442 1051 5497 ubi
1097 5442 1382 5516 Egypiius
1431 5442 1903 5514 printbgenitorum
1950 5449 2180 5516 populus

591 5522 832 5586 mortuus
869 5525 972 5578 est,
994 5523 1068 5568 ,ει
1095 5515 1254 5586 Israel
1287 5517 1512 5586 mystico
1545 5519 1801 5586 sanguine
1839 5515 2174 5571 servabatur.

591 5580 715 5634 Ηιυρ
742 5587 918 5638 omnia
950 5595 1071 5638 sunt
1101 5580 1418 5657 futurorum
1447 5580 1675 5641 umbra':
1705 5587 1843 5657 apud
1877 5602 1973 5642 nos
1999 5601 2177 5643 autem

592 5665 717 5705 sunt
763 5657 1048 5724 imaginum
1093 5655 1312 5722 formze,
1359 5666 1412 5711 et
1463 5667 1708 5726 typorum
1741 5655 2175 5726 complementa,

592 5733 753 5789 atque
780 5728 978 5780 umbra:
1007 5727 1125 5779 loco
1151 5737 1335 5798 exacta
1365 5737 1420 5781 et
1450 5727 1602 5780 ﬁrma
1632 5730 1845 5782 veritas.
1875 5727 1987 5783 Illic
2011 5745 2179 5798 agnus

592 5804 623 5842 e
652 5808 811 5867 grege
830 5837 844 5857 ,
881 5798 965 5850 hic
991 5812 1159 5866 agnus
1183 5797 1252 5850 de
1289 5799 1436 5851 cadis
1462 5816 1472 5850 :
1502 5800 1606 5853 illic
1634 5801 1906 5867 sanguinis
1931 5797 2138 5866 signum
2159 5841 2176 5865 ,

593 5863 734 5928 quod
762 5867 813 5918 in
842 5882 901 5922 re
928 5863 1121 5922 minori
1152 5877 1318 5922 totum
1347 5883 1626 5924 conservet
1650 5911 1661 5934 ,
1699 5863 1782 5923 hic
1811 5863 2050 5938 verbum,
2081 5863 2176 5939 po;

2286 4104 2465 4157 culum
2497 4104 2709 4172 plenum
2739 4103 2920 4157 divino
2948 4105 3206 4173 sanguine
3231 4116 3283 4159 et
3310 4104 3500 4172 spiritu
3531 4123 3544 4158 :
3573 4104 3684 4159 illic
3711 4119 3859 4175 agnus

2287 4189 2351 4228 ex
2381 4191 2562 4243 grege,
2614 4175 2698 4227 hic
2746 4177 2858 4242 ipse
2909 4186 3090 4244 pastor
3120 4191 3214 4243 pro
3243 4190 3400 4245 agno.
3433 4175 3568 4229 Nam
3604 4178 3744 4230 Sicut
3768 4176 3859 4227 ori:

2291 4247 2359 4297 ad
2389 4247 2686 4317 occisionem
2711 4245 2892 4299 ductus
2920 4257 2992 4300 est
3023 4245 3174 4317 (lsai.
3204 4247 3295 4302 53.
3327 4245 3402 4317 7).
3432 4247 3719 4314 Quomodo
3746 4262 3858 4315 ergo

2288 4315 2842 4388 salutemiuniversatn
2869 4315 3039 4386 opera
3057 4315 3406 4384 pollicentur?
3439 4317 3505 4371 Et
3533 4319 3668 4372 Solae
3699 4317 3860 4388 ligone

2286 4397 2412 4440 sunt
2454 4387 2736 4441 salutares.
2779 4385 2998 4441 Festum
3039 4389 3314 4442 celebrent
3341 4389 3456 4442 caeli
3489 4385 3778 4452 c:eloruui,
3814 4395 3863 4441 ut

2286 4457 2500 4511 divinus
2527 4457 2757 4526 Spiritus
2786 4459 3013 4522 clamat,
3043 4461 3266 4528 gloriam
3300 4460 3389 4513 Dei
3433 4473 3721 4514 narrantes
3750 4475 3861 4512 :ce-

2288 4528 2492 4582 lebrent
2507 4543 2718 4597 quoque
2738 4531 2911 4598 angeli
2935 4539 2988 4583 et
3007 4530 3310 4598 archangeli
3333 4531 3616 4595 czelorum,
3641 4530 3861 4585 celebret

2286 4601 2460 4671 omnis
2510 4599 2738 4671 czelestis
2791 4602 3049 4669 populus.
3087 4617 3365 4655 .sununnm
3417 4603 3618 4656 Ducem
3665 4601 3862 4671 superni

2285 4670 2553 4740 exercitus
2599 4669 2788 4722 videns
2835 4672 3143 4740 episc0pnm
3188 4672 3540 4740 corporaliter
3581 4669 3861 4726 advenien-

2288 4751 2430 4815 tem}
2455 4738 2954 4815 festntncelebrent
2979 4738 3249 4815 stellarum
3273 4738 3449 4815 chori,
3483 4758 3614 4796 eum
3646 4745 3863 4815 quiante

2285 4811 2562 4865 luciferum
2593 4812 2763 4864 oritur
2794 4811 3092 4868 indicantes
3116 4830 3129 4866 :
3152 4813 3386 4868 celebret
3409 4828 3504 4867 aer
3533 4811 3796 4869 immense
3819 4815 3863 4866 in

2288 4881 2605 4950 profundum
2652 4890 2713 4954 et
2749 4881 2917 4954 latum
2946 4883 3498 4938 extensuszcelebret
3542 4887 3863 4954 salsugiuosa

2286 4954 2450 5006 maris
2476 4967 2635 5020 aqua,
2684 4952 2878 5006 divinis
2911 4956 3145 5022 vestigiis
3172 4970 3234 5010 ac
3260 4956 3540 5024 gressibus
3583 4952 3860 5011 honorata:

2284 5024 2517 5100 celebret
2541 5033 2706 5100 terra,
2729 5024 2910 5100 divino
2925 5025 3106 5078 abluta
3128 5026 3417 5100 sanguine:
3438 5027 3688 5081 celebret
3709 5028 3866 5081 omnis

2286 5092 2518 5148 humana
2562 5092 2772 5158 anima,
2807 5096 2856 5147 in
2901 5111 3093 5149 novatn
3133 5092 3539 5166 generationem
3573 5111 3674 5166 per
3701 5113 3866 5152 resur-

2286 5166 2578 5218 rectionem
2601 5175 2913 5218 restaurata.
2942 5166 3055 5220 Hoc
3073 5166 3294 5231 Pascha,
3317 5169 3628 5224 communis
3649 5170 3868 5222 omnium

2285 5236 2570 5309 celebritas
2613 5250 2695 5309 ex!
2729 5247 2947 5305 paterna
2981 5239 3252 5292 \oluutatc
3295 5241 3344 5290 in
3387 5239 3596 5292 mundo
3647 5250 3866 5309 peracta,

2286 5307 2472 5360 miSsit)
2501 5303 2698 5360 Christi
2717 5303 2971 5370 {divinus
2996 5310 3174 5362 oriens
3201 5310 3344 5363 circa
3388 5318 3592 5363 terram
3615 5303 3868 5379 [angelo-

2287 5392 2403 5429 rum
2440 5387 2494 5448 et
2521 5380 2962 5446 archangelornni
2991 5381 3314 5448 sempiterna
3345 5381 3692 5444 solemnitas,
3729 5387 3872 5434 totius

2287 5447 2469 5501 mundi
2504 5449 2818 5502 immortalis
2847 5451 2973 5514 vita,
3005 5447 3192 5504 mortis
3219 5452 3485 5514 interitus,
3522 5451 3651 5506 fons
3683 5453 3868 5506 saluta-

2286 5522 2382 5579 ris,
2413 5519 2687 5571 hominum
2722 5519 3037 5588 incorrupte
3064 5520 3266 5576 delicia:
3293 5522 3562 5587 ctelestes,
3594 5539 3746 5578 sacra
3777 5522 3867 5577 iiii-

2288 5590 2470 5665 tiatio_,
2513 5606 2631 5658 qua:
2671 5599 2848 5665 vetera
2889 5603 2962 5665 et_
2983 5607 3118 5645 nova
3161 5594 3548 5665 interpretatur
3590 5595 3866 5665 mysteria.

2286 5676 2404 5730 quae
2436 5661 2484 5712 iu
2520 5671 2658 5714 terra
2687 5661 2855 5732 oculis
2881 5663 3145 5726 videntur,
3171 5664 3222 5716 in
3244 5663 3389 5716 cielis
3414 5679 3546 5716 vero
3573 5661 3869 5732 intelligun-

2288 5742 2373 5784 tur
2403 5732 2469 5784 ab
2503 5733 2594 5795 iis,
2639 5733 2726 5800 qui
2760 5731 2873 5787 lucc
2904 5749 3038 5787 nova
3068 5749 3188 5788 cum
3219 5749 3369 5787 sacra
3401 5735 3595 5789 notitia
3635 5731 3870 5802 suscepe-

2288 5814 2454 5855 runt:
2489 5804 2540 5855 nl
2580 5802 2721 5870 quod
2767 5819 2865 5856 nos
2906 5805 3099 5871 paucis
3145 5804 3551 5871 explicavimus.
3607 5806 3756 5860 Talis
3800 5813 3871 5857 es:

2291 5874 2507 5926 Pascha:
2551 5873 2763 5942 publica
2811 5874 3145 5931 solemnitas.
3191 5874 3260 5931 Ut
3297 5891 3424 5930 vero
3465 5875 3747 5946 sigillatitn
3787 5887 3870 5927 vos
