4082 6400
448 279 558 337 739

453 394 583 448 Inde
609 406 838 461 namque
870 391 1024 462 primi
1058 390 1279 445 fallacia:
1306 391 1538 462 fluctus,
1561 389 1710 444 vituli
1742 398 1796 462 et
1820 389 2028 462 pisces,

448 462 579 519 tene
599 474 652 518 et
671 460 816 525 aves,
837 460 891 517 ei
907 462 1097 517 similia
1114 464 1291 516 omnia
1315 460 1562 515 animalia
1586 464 1726 515 inter
1745 460 1874 514 deos
1893 460 2030 513 rela-

450 546 502 589 ta
527 544 581 589 et
608 536 773 590 culta.
802 533 937 587 Cum
982 543 1159 587 autem
1194 534 1263 586 de
1290 533 1425 587 uelo
1456 531 1646 586 vindex
1691 533 1764 584 ira
1797 530 2027 586 revelata

447 607 641 670 fuerit,
665 615 720 659 et
747 603 897 658 furor
926 618 1148 673 magnus
1191 618 1353 673 super
1387 617 1601 658 omnem
1628 613 1830 673 terram
1871 601 2041 655 fuerit

446 691 738 746 expansos,
762 684 896 746 tunc
923 672 1151 746 primum
1170 672 1852 746 superstitiosusitlolgrum
1873 687 2029 746 error

447 742 667 801 itisauus
687 744 987 813 dejicietur.
1007 743 1073 797 la
1093 744 1345 808 omnibus,
1361 742 1655 813 inquit,diis
1665 742 2030 813 κΕῃῃρζὶοηιηι

447 819 632 888 faciam
669 812 979 888 uindictam:
1005 831 1097 886 ego
1139 814 1388 888 Dominus
1436 812 1456 883 ζ
1484 813 1656 888 Exod.
1688 814 1773 868 12.
1804 812 1872 888 12
1896 816 1935 888 ).
1970 812 2025 867 lu

448 884 799 958 primogenita
840 894 1018 958 autem
1036 884 1225 939 omnia
1254 887 1480 958 saevitur
1505 924 1520 949 ,
1554 886 1677 953 quia
1725 884 2025 958 antiquiora

448 954 690 1028 tempora
716 958 814 1011 sibi
848 957 1200 1028 vindicantes,
1219 956 1631 1028 vetustissimam
1644 954 1883 1009 omttium
1908 969 2025 1007 ser-

448 1027 669 1083 vitutem
706 1028 864 1083 idolis
913 1027 1255 1095 pnnstabant.
1302 1027 1609 1081 Tenebrosa
1656 1036 1714 1081 et
1765 1035 2023 1079 nocturna

448 1102 597 1168 plaga
619 1108 735 1154 erat
755 1118 768 1153 :
790 1114 912 1153 nam
936 1100 1241 1163 tenebrosa,
1262 1097 1451 1160 tristia,
1472 1098 1698 1169 ingrata,
1715 1096 2026 1169 caliginosa,

446 1170 759 1235 inhumana,
784 1178 942 1239 atque
972 1171 1377 1223 tenebrosorum
1402 1168 1622 1236 Opentm
1645 1177 1699 1220 et
1724 1168 2026 1220 daemonum

450 1252 606 1296 erant
629 1240 852 1312 judicia.
888 1239 1056 1312 Dabo,
1089 1240 1276 1309 inquit,
1308 1240 1542 1312 prodigia
1559 1241 1611 1292 in
1636 1239 1759 1312 ctelo
1788 1253 2025 1303 sursum,

443 1322 492 1365 et
522 1310 666 1383 signa
692 1313 746 1365 in
777 1321 911 1383 terra
939 1310 1211 1383 deorsum.
1258 1311 1631 1383 sanguinenret
1660 1310 1841 1383 ignem
1854 1318 1900 1361 et
1939 1324 2026 1383 va-

446 1380 620 1453 porem
650 1384 793 1453 fumi.
826 1381 893 1434 Et
922 1381 1000 1435 sol
1025 1390 1340 1434 convertetur
1366 1384 1419 1453 in
1446 1380 1675 1453 tenebras
1699 1421 1713 1453 ρ
1738 1389 1782 1432 et
1822 1380 1943 1433 luna
1971 1381 2025 1432 in

444 1450 745 1525 sanguinem
776 1494 800 1525 ,Δ
823 1463 1098 1525 antequam
1114 1453 1303 1525 gueniat
1350 1451 1456 1525 dies
1500 1450 1710 1525 Domini
1736 1465 1951 1525 magnus
1976 1460 2025 1502 et

444 1519 742 1594 manifestus
780 1522 800 1596 (
825 1519 961 1577 Joel'
981 1520 1039 1576 2.
1187 1523 1246 1577 51
1274 1522 1314 1590 ).
1347 1520 1735 1596 Cannabis/uec
1762 1522 1869 1596 dies
1912 1519 2024 1596 ρο-

447 1596 572 1649 mini
587 1592 618 1649 ’2
649 1596 713 1648 Et
734 1592 840 1649 haec
869 1604 941 1647 est
977 1592 1212 1657 tenebrte,
1250 1604 1297 1645 et
1318 1609 1421 1645 non
1444 1593 1553 1646 lum.
1588 1592 2024 1657 Quemadmodum

443 1667 577 1720 enim
596 1668 638 1721 si
660 1667 842 1737 fugerit
864 1665 996 1737 pira
1021 1665 1150 1734 facie
1182 1662 1359 1726 leonis,
1389 1673 1435 1716 et
1468 1664 1737 1737 occurrerit
1764 1663 1861 1737 ipsi
1903 1679 2022 1737 rur-

441 1753 549 1801 sus,
580 1749 626 1791 et
647 1733 891 1790 introierit
922 1733 1127 1787 (tantum
1146 1776 1160 1797 ,
1185 1743 1232 1787 et
1253 1750 1407 1786 manu
1432 1751 1527 1787 sua
1558 1734 1766 1787 innixus
1793 1734 1945 1802 fuerit
1970 1733 2023 1785 in

443 1809 706 1878 parietem,
730 1817 775 1861 et
800 1804 1124 1860 momorderit
1143 1821 1257 1878 eum
1280 1805 1483 1878 coluber
1514 1821 1532 1858 :
1552 1806 1635 1878 sic
1661 1805 1759 1878 erit
1780 1805 1886 1878 dies
1908 1802 2020 1878 po.

445 1872 571 1932 mini
597 1872 813 1933 tenebrw
833 1916 849 1942 ,
902 1886 949 1930 et
974 1892 1075 1929 non
1101 1876 1193 1929 erit
1220 1874 1310 1929 tua:
1336 1875 1390 1928 in
1410 1875 1681 1947 ea_(_Amos
1729 1875 1780 1930 5.
1812 1872 2019 1947 18-20).

442 1947 672 2019 Sanguis
695 1963 826 2019 vero
856 1948 907 2002 in
949 1947 1157 2015 signum
1187 1946 1440 2015 signaculi
1466 1944 1662 2019 Christi
1697 1986 1711 2008 ,
1744 1962 1918 1999 meum
1940 1944 2023 2019 est

441 2016 775 2089 mysterium.
806 2018 1025 2087 Signum
1055 2026 1251 2089 autem_
1263 2032 1368 2071 non
1390 2024 1516 2072 tunc
1544 2017 1741 2089 veritas
1767 2026 1900 2089 erat,
1924 2016 2017 2089 sed

446 2085 640 2145 futura:
686 2085 927 2145 veritatis
963 2089 1190 2157 signum.
1220 2086 1492 2156 Quotquot
1526 2088 1669 2141 enim
1710 2085 1909 2140 habent
1940 2088 2018 2140 si-

441 2176 604 2244 gnum
631 2161 904 2244 sanguinis
931 2156 1345 2244 in'animabus,
1385 2167 1441 2244 ut
1464 2171 1508 2244 ag
1530 2157 1647 2244 lege
1683 2158 1738 2244 in
1772 2156 2019 2244 domibus

441 2228 676 2301 imprimi
722 2228 777 2286 et
821 2232 944 2299 ungi
982 2228 1191 2301 jussum
1234 2236 1387 2301 erat,
1418 2228 1515 2301 bos
1559 2242 1747 2301 omnes
1794 2228 2017 2282 exitiosa

440 2298 593 2373 plaga
625 2298 938 2373 praeteribit.
970 2298 1246 2373 [aquibus
1265 2338 1278 2359 ,
1314 2299 1485 2373 inquit
1512 2338 1528 2362 ,
1558 2298 1787 2373 domibus
1807 2301 2017 2370 sangui-

441 2369 555 2426 nem
582 2369 775 2439 videbo,
802 2387 963 2442 tegam
986 2372 1092 2435 vos,
1119 2379 1169 2442 et
1205 2385 1307 2442 non
1335 2370 1428 2422 erit
1454 2369 1683 2442 in_vobis
1720 2369 1881 2442 p_laga
1905 2369 2021 2442 qua:

437 2459 527 2497 vos
553 2454 755 2509 atterat,
784 2438 900 2496 cuin
934 2441 1211 2512 percutiam
1239 2440 1293 2493 in
1320 2448 1454 2512 terra
1471 2438 2015 2512 (Egypti(Exod.12.

437 2516 550 2587 13).
575 2514 799 2585 Sanguis
827 2510 955 2584 ergo
983 2522 1039 2567 ut
1064 2512 1271 2587 signum
1293 2510 1358 2587 ad
1385 2512 1681 2587 custodiam
1717 2532 1729 2566 :
1764 2512 1815 2564 in
1846 2510 2018 2587 domi-

435 2582 537 2642 bus
565 2582 743 2642 autem
771 2628 786 2650 ,
818 2594 875 2639 ut
896 2582 962 2638 'in
990 2583 1288 2637 animabus.
1327 2583 1518 2635 Anima
1562 2582 1704 2636 enim
1730 2598 1794 2636 ex
1834 2582 2018 2637 divino

445 2658 646 2727 Spiritu
677 2666 731 2712 et
758 2672 822 2711 ex
856 2655 961 2711 [ide
1002 2669 1213 2727 sacrum
1266 2652 1323 2727 lit
1352 2652 1736 2727 habitaculum.
1784 2653 1896 2707 Hoc
1938 2665 2013 2707 te-

481 2722 641 2782 untur
668 2729 701 2782 ii
733 2768 749 2794 ,
782 2727 868 2794 qui
896 2726 1141 2780 credunt.
1176 2722 1378 2778 Pascha
1409 2739 1504 2793 per
1530 2725 1837 2779 universum
1865 2740 2019 2778 mun-

439 2743 641 2855 gnntur
668 2745 701 2782 ιι
733 2768 749 2794 ,
782 2744 868 2794 qut
896 2743 1141 2780 credunt.

481 2816 566 2853 um
599 2801 704 2853 tale
728 2798 1037 2868 mysterium
1065 2805 1166 2850 est.

504 2871 557 2925 3.
588 2870 726 2923 Audi
763 2865 935 2921 tamen
968 2880 1064 2920 nos
1098 2880 1196 2936 pro
1224 2865 1359 2919 virili
1391 2874 1572 2936 nostra
1601 2874 1751 2933 parte
1776 2865 2012 2922 divinam

432 2941 783 2996 initiationem
805 2938 1071 3006 sigillatim
1090 2935 1437 3007 explicantes.
1462 2935 1568 2990 Res
1584 2936 1726 3007 enim
1748 2939 2016 3005 quomodo

430 3026 561 3066 vere
582 3026 639 3065 se
671 3009 896 3069 habeat,
930 3011 1067 3061 Deus
1092 3006 1321 3061 Verbum
1350 3008 1527 3068 novit,
1557 3006 1644 3073 qui
1676 3007 1729 3060 itt
1759 3022 1820 3061 se
1840 3018 1893 3061 et
1922 3025 2016 3078 per

434 3097 494 3136 se
522 3096 731 3136 sacrum
758 3079 959 3134 Pascha
985 3078 1290 3132 adornavit:
1324 3077 1473 3131 nobis
1494 3092 1620 3130 vero
1642 3086 1821 3146 utpote
1845 3077 2013 3135 homi—

431 3152 589 3208 nibus
616 3150 766 3206 venia
811 3148 985 3203 danda
1006 3188 1020 3209 .
1058 3152 1103 3203 si
1147 3164 1250 3203 non
1281 3149 1457 3201 omnia
1486 3162 1852 3217 assequamur,
1882 3161 1937 3205 et
1969 3152 2015 3206 si

432 3223 688 3278 labantur.
723 3221 968 3274 Dicamus
998 3229 1173 3273 tamen
1194 3260 1209 3284 ,
1240 3220 1414 3289 priora
1454 3230 1803 3273 resumeutes.
1833 3218 2015 3276 Primo

430 3294 644 3355 dicitur,
674 3291 867 3346 Mensis
907 3290 999 3344 ille
1025 3298 1108 3344 est
1133 3291 1336 3343 initium
1368 3290 1651 3343 mensium.
1681 3289 1787 3343 Cur
1814 3294 2015 3349 mensis

430 3364 652 3419 Pascha;
682 3365 884 3432 primus
909 3370 991 3415 est
1020 3362 1280 3415 mensium
1304 3360 1467 3414 anni?
1498 3363 1736 3415 Arcanos
1764 3360 2015 3417 Hebrteo-

430 3451 547 3489 rum
580 3449 756 3488 sermo
782 3442 896 3491 est.
929 3432 1029 3485 hoc
1054 3432 1174 3486 esse
1204 3442 1413 3500 tempus
1440 3445 1545 3500 quo
1577 3441 1872 3499 temporum
1904 3434 2013 3489 Do-

432 3507 607 3563 minus
633 3516 687 3559 et
727 3504 949 3557 Creator
980 3503 1117 3556 Deus
1159 3503 1467 3556 universum
1510 3502 1746 3555 creavit:
1774 3512 1829 3557 et
1872 3503 2015 3559 hunc

428 3591 549 3630 esse
580 3576 805 3645 primum
836 3573 1121 3645 creationis
1158 3573 1380 3637 ﬂorem,
1408 3572 1612 3645 mundi
1658 3573 2011 3645 pulchritudi-

432 3643 595 3701 nem;
626 3645 837 3714 quando
867 3644 1154 3714 fulgentem
1200 3653 1363 3714 totan
1405 3643 1689 3711 imaginem
1739 3644 1790 3697 in
1837 3656 2014 3701 mente

426 3713 655 3771 Creator
681 3713 965 3769 concinne
987 3714 1187 3768 moveri
1230 3713 1395 3775 vidit,
1428 3721 1483 3766 ct
1524 3714 1701 3766 ornari
1744 3726 1892 3769 recto
1920 3717 2013 3770 illo

428 3789 681 3841 t-telorum
708 3786 917 3851 ordine,
952 3794 1325 3851 tempestatum
1353 3784 1493 3837 bono
1523 3783 1730 3849 ordine,
1761 3784 1892 3839 solis
1922 3802 2002 3840 re-

427 3869 514 3911 cto
542 3874 698 3911 cursu
719 3898 735 3921 ,
768 3857 900 3910 lucis
936 3855 1169 3909 nondum
1208 3854 1501 3909 imminuta:
1526 3855 1768 3917 oriente,
1809 3865 1866 3909 et
1900 3856 2011 3923 jam

429 3937 672 3983 ornatam
718 3926 981 3981 fructuum
1012 3936 1129 3979 ortu
1153 3966 1168 3990 ,
1221 3926 1520 3994 plantarum
1564 3924 2008 3990 fructiﬁcatione,

426 4000 679 4054 arborum
726 3997 945 4051 ﬂoribus
992 3995 1424 4057 recurrentibus,
1458 4010 1675 4064 gregum
1709 3996 1961 4064 partubus
1994 4015 2010 4052 :

427 4069 640 4139 quando
667 4068 822 4139 ﬂoret
849 4066 1220 4137 germittatque
1247 4068 1493 4139 universa
1524 4074 1684 4139 terra,
1716 4075 1771 4120 et
1808 4065 2011 4139 ﬂoren-

429 4135 510 4195 tes
535 4139 754 4196 arbores
782 4135 1019 4201 fructus,
1059 4135 1193 4205 quas
1240 4136 1573 4205 parturiunt,
1614 4135 1723 4204 jam
1763 4138 2013 4207 paritura:

427 4220 553 4266 sunt
583 4228 595 4263 :
628 4209 839 4279 quando
864 4208 987 4277 juga
1013 4222 1076 4261 ex
1108 4217 1286 4261 aratro
1314 4207 1478 4261 solvit
1502 4207 1756 4279 agricola,
1782 4217 1836 4262 et
1866 4210 2014 4276 quie-

427 4293 533 4338 tem
556 4276 847 4335 dat’currui
868 4276 1241 4348 mugientium,
1267 4292 1330 4332 ac
1358 4288 1638 4348 postquam
1663 4276 1873 4333 divinos
1897 4279 2011 4333 fru-

426 4362 547 4407 ctus
577 4353 626 4404 iu
660 4361 798 4405 terra
823 4346 985 4419 jecit,‘
1008 4351 1249 4403 etelcstcs
1275 4348 1473 4416 excipit
1497 4346 1674 4401 fontes
1698 4356 1751 4402 et
1780 4349 2008 4405 imbres:

424 4422 639 4490 quando
680 4429 859 4487 pastor
903 4420 985 4476 lac
1029 4419 1455 4490 candidumﬁjam
1508 4420 1752 4485 mulget:
1800 4422 2013 4485 quando

428 4495 544 4563 apis
572 4493 754 4549 dulces
784 4490 933 4547 favos
962 4499 1017 4545 et
1063 4506 1241 4545 ceram
1273 4489 1521 4563 efformat
1550 4507 1563 4542 :
1596 4490 1807 4563 quando
1853 4502 2013 4563 nauta

426 4560 580 4623 Lotus
611 4579 756 4616 mare
798 4562 908 4631 jam
953 4572 1157 4615 lentare
1183 4560 1376 4625 audet,
1422 4570 1477 4613 et
1518 4574 1703 4614 amore
1733 4562 1863 4615 lucri
1911 4562 2008 4616 ﬂu-

422 4646 604 4689 ctuum
650 4632 882 4703 pericula
924 4633 1178 4687 audacter
1223 4631 1375 4703 adit:
1428 4632 1680 4702 illamque
1731 4632 1839 4701 jam
1892 4634 2013 4686 uni-

424 4702 698 4761 versorum
726 4703 1149 4763 consonantiam,
1180 4711 1233 4756 et
1260 4702 1454 4755 bonum
1476 4706 1713 4755 omnium
1745 4703 2010 4772 ordinem,

423 4787 602 4844 atque,
622 4783 680 4830 ut
699 4775 768 4827 ita
796 4774 969 4829 dicam
990 4814 1006 4837 ,
1040 4772 1479 4844 beueplacitum;
1507 4773 1823 4842 principium
1853 4788 1973 4828 esse
1993 4815 2009 4839 ,

422 4842 633 4903 dulcem
673 4858 867 4913 nempe
897 4844 1038 4899 veris
1065 4843 1408 4910 voluptatem.
1439 4842 1554 4911 Ego
1579 4858 1707 4898 vero
1739 4844 1821 4898 his
1858 4845 2013 4900 dictis

423 4932 543 4971 non
562 4916 775 4970 difficile
801 4912 1145 4978 crediderim,
1172 4912 1265 4967 sed
1292 4915 1503 4980 Opinor,
1538 4916 1643 4967 into
1672 4929 1798 4968 vero
1826 4916 2008 4980 credo,

424 5004 520 5058 per
546 4984 1115 5058 Pascluespiritualem
1144 4983 1534 5058 solemnitatem
1566 4986 1905 5058 principium,
1930 5001 2013 5039 ca-

426 5055 517 5125 put
542 5072 603 5110 ac
629 5056 778 5126 quasi
806 5057 995 5109 ducem
1025 5055 1202 5126 omnis
1232 5055 1485 5121 temporis
1514 5055 1755 5124 intelligi,
1785 5067 1839 5109 et
1871 5056 2012 5111 hunc

420 5124 541 5184 esse
571 5124 791 5182 PaScha:
818 5141 1078 5189 mensem,
1107 5124 1161 5178 in
1192 5138 1297 5193 quo
1324 5140 1574 5193 magnum
1604 5126 1731 5179 illud
1756 5140 2011 5183 consum-

423 5208 598 5252 matur
641 5208 696 5251 et
735 5197 1036 5268 celebratur
1070 5196 1532 5268 mysteriumanut
1577 5196 1711 5249 sicut
1760 5198 2012 5255 Dominus

420 5270 659 5324 omnium
693 5267 1102 5336 intelligibilium
1129 5265 1198 5320 'et
1234 5265 1576 5319 invisibiliutn
1623 5268 2010 5336 primogenitus

422 5350 506 5394 est
534 5340 602 5393 ab
626 5340 811 5402 initio;
845 5342 924 5392 sic
951 5348 1006 5391 et
1035 5338 1118 5391 hic
1147 5337 1345 5392 mensis
1369 5378 1384 5401 ,
1415 5338 1503 5407 qui
1535 5351 1685 5390 sacra
1720 5337 2011 5393 honoratur

425 5410 757 5474 initiatione,
807 5410 1009 5478 primus
1054 5418 1200 5461 esset
1219 5408 1279 5478 in
1322 5423 1498 5470 anno,
1545 5417 1598 5459 et
1626 5410 1803 5461 onmis
1830 5411 2009 5462 sa'cnli

421 5482 765 5552 principium.
794 5482 981 5552 Aunus
1009 5489 1186 5552 autem
1216 5477 1302 5531 hic
1328 5487 1615 5552 est,quem
1644 5478 1822 5531 divina
1862 5478 2010 5552 Sari.

426 5548 577 5619 ptura
605 5552 802 5606 clamat
829 5567 843 5603 :
882 5548 1170 5604 Pratdt'care
1193 5564 1381 5600 annum
1411 5548 1615 5619 Domini
1652 5549 2013 5615 acceptabilem

426 5617 576 5690 (Luc.
602 5623 658 5676 4.
687 5622 797 5691 19).
826 5622 1008 5689 Agnus
1034 5630 1117 5674 est
1144 5620 1354 5672 victima
1385 5635 1555 5672 sacra.
1590 5617 1704 5686 Ipse
1728 5620 1871 5691 enim
1892 5663 1905 5683 ,
1932 5620 2012 5674 in-

425 5689 561 5765 qoit,
591 5693 736 5749 Sicut
750 5689 854 5745 ovis
880 5691 947 5743 ad
973 5691 1278 5765 occisionem
1300 5690 1590 5765 ductusest,
1620 5699 1669 5765 et
1692 5689 1820 5765 sicut
1846 5708 2011 5765 agnus

424 5760 595 5817 coram
626 5767 860 5818 tondente
895 5777 948 5815 se
994 5773 1159 5814 mutus
1203 5763 1357 5831 (Act.
1386 5768 1436 5816 8.
1469 5760 1582 5831 52).
1631 5762 1694 5814 Et
1724 5760 1956 5816 Joannes
1995 5780 2008 5817 :

866 5947 935 5965 ιν.

1910 271 2177 331 εΡυΒιΑ.

3619 286 3726 345 7w

2150 388 2480 467 ἐπιμέτρει
2508 387 2637 458 Dei,
2675 393 2761 461 qui
2798 392 2930 446 tollit
2955 404 3212 467 peccatum
3252 397 3429 449 mundi
3461 395 3633 467 (latnt.
3670 405 3723 457 1.

2140 458 2265 539 29)ἒ
2289 458 2590 539 Perfectum
2632 458 2812 539 autem
2848 458 3041 539 quairit
3076 480 3268 534 agnum
3306 478 3359 520 et
3384 458 3721 539 anniculam,

2142 532 2435 606 perfectum
2460 543 2515 585 ut
2543 534 2591 586 in
2626 544 2763 606 terra
2799 534 3040 589 habetur.
3077 532 3260 590 Aunus
3289 541 3542 606 temporis
3570 532 3720 596 men:

2140 616 2319 674 suram
2350 603 2400 655 in
2432 612 2571 656 terra
2600 605 2699 658 sibi
2728 606 2923 669 sumit,
2953 621 3126 661 annus
3168 607 3219 661 in
3250 623 3310 662 se
3337 603 3641 674 revolvitur,
3671 622 3726 667 et

2140 672 2228 725 illa
2284 674 2616 729 revolutione
2674 675 3106 730 immensurabile
3161 678 3412 731 smculum
3467 672 3720 737 imitatur.

2138 742 2587 821 Sumiturautetn
2605 745 2809 821 decima
2838 749 3056 821 mensis.
3086 746 3249 821 idque
3265 748 3549 821 admodum
3576 768 3721 821 sym-

2140 813 2314 892 bolice
2344 832 2358 869 :
2391 815 2472 868 lex
2503 817 2645 892 enim
2692 816 2863 892 distat
2898 818 2979 892 ab
3012 813 3310 888 evangelio.
3343 819 3498 892 Legis
3527 813 3722 892 quippe

2140 886 2464 957 prafcipoum
2493 885 2685 955 dogma
2713 896 2796 941 cst
2832 887 3117 955 decalogns
3141 885 3172 941 ε’
3186 901 3304 957 post
3333 885 3516 944 decem
3544 885 3721 947 'auiem

2140 954 2272 1030 legis
2317 954 2587 1026 praecepta
2624 967 2748 1012 tunc
2788 972 2956 1030 agnus
2986 954 3240 1030 mysticus
3284 960 3354 1015 tle
3394 962 3526 1015 ca-lo
3555 966 3718 1018 venit.

2140 1025 2396 1104 Servatur
2420 1025 2596 1104 autem
2638 1044 2733 1098 per
2762 1025 3402 1104 quosdam"intermedios
3435 1032 3551 1087 dies
3571 1076 3583 1095 ,
3613 1049 3723 1104 quo

2138 1095 2439 1151 subindicat
2468 1095 2743 1172 Scriptura
2773 1095 2983 1172 tempus
3031 1101 3159 1154 illud
3210 1116 3373 1169 usque
3405 1104 3471 1155 ad
3518 1095 3721 1172 passio-

2137 1181 2281 1229 nem,
2311 1168 2524 1237 quando
2550 1168 2967 1239 comprehensus
2988 1171 3239 1225 Servatur
3268 1168 3317 1225 in
3345 1173 3503 1226 domo
3519 1168 3714 1229 summi

2137 1239 2402 1306 pontificis
2429 1239 2676 1295 detentus
2702 1250 2802 1294 est.
2830 1240 2931 1306 Qui
2974 1251 3149 1295 autem
3194 1244 3479 1297 assumitur
3517 1246 3720 1300 vicinus

2136 1308 2202 1381 ad
2251 1310 2638 1381 comedendum
2687 1326 2916 1379 agnum,
2961 1327 3060 1381 ego
3105 1328 3241 1366 sum.
3288 1314 3333 1367 A
3378 1324 3429 1367 te
3466 1317 3641 1379 enim,
3685 1334 3718 1368 o

2136 1376 2321 1445 Israel,
2346 1397 2511 1454 agnus
2542 1397 2645 1435 non
2672 1376 2857 1454 captus
2884 1376 3278 1454 est.'l)einceps
3300 1399 3427 1437 vero
3453 1376 3713 1454 agnus'ad

2134 1464 2415 1518 vesperam
2450 1452 2773 1506 immolatur.
2808 1452 2937 1505 Nam
2976 1453 3043 1507 ad
3082 1453 3409 1508 occidentem
3438 1452 3605 1511 solem
3631 1474 3715 1512 sa-

2133 1534 2226 1592 cer
2254 1524 2726 1592 agnusjugnlatur.
2756 1522 2987 1576 Mactaut
3012 1532 3187 1577 autem
3216 1524 3362 1578 illum
3386 1528 3557 1581 omnis
3580 1531 3716 1582 utul-

2135 1589 2307 1662 titudo
2358 1589 2640 1662 synagoga:
2699 1594 2927 1647 ﬁliorum
2976 1594 3155 1649 Israel.
3208 1595 3516 1651 lucredulus
3572 1601 3711 1653 enim

2134 1661 2468 1737 lsrael__reus
2523 1662 2690 1737 factus
2734 1674 2817 1737 est
2861 1663 3349 1737 hujushvencrandi
3396 1670 3711 1737 sanguinis:

2132 1747 2257 1805 nam
2288 1732 2427 1805 idem
2469 1734 2694 1805 populus
2719 1736 2844 1805 olim
2877 1735 3103 1796 occidit,
3140 1736 3384 1805 idemque
3422 1732 3558 1791 nunc
3606 1756 3713 1794 nou

2131 1803 2320 1857 credit.
2353 1802 2475 1858 Ideo
2512 1804 2724 1859 divinus
2753 1804 2985 1873 Spiritus
3013 1815 3197 1859 contra
3232 1802 3373 1873 ipsos
3404 1811 3713 1865 testilicatnr

2130 1884 2185 1949 et
2223 1873 2420 1949 clamat
2451 1891 2464 1928 ε
2523 1873 2712 1949 dianus
2737 1888 2915 1928 vestra:
2943 1877 3106 1949 plena:
3140 1887 3259 1930 sunt
3284 1881 3528 1949 sanguine
3556 1880 3708 1948 (lsai.

2131 1945 2184 2019 i_.
2216 1944 2336 2019 i5).
2361 1944 2586 2014 Sanguis
2616 1956 2798 2019 autent
2831 1962 2991 2015 supra
3032 1947 3188 2001 limen
3220 1959 3331 2008 est,
3375 1944 3524 2018 quasi
3555 1944 3709 2019 supra

2130 2014 2463 2089 Ec_clesi_a_m;
2495 2026 2559 2089 et
2577 2030 2740 2089 super
2767 2016 2902 2089 duos
2935 2028 3112 2089 postes
3134 2058 3147 2079 ,
3181 2030 3239 2072 ut
3264 2014 3429 2088 super
3454 2020 3587 2075 duos
3620 2014 3712 2089 po-

2130 2086 2303 2162 pulos.
2335 2085 2446 2162 Nou
2479 2087 2774 2162 enimsatis
2800 2086 3256 2162 liabet__Servator,
3286 2085 3541 2154 o‘lsrael,
3569 2085 3707 2162 quod

2127 2156 2195 2209 ad
2231 2168 2282 2211 te
2314 2158 2541 2226 primum
2574 2160 2769 2212 missus
2795 2159 2904 2211 sit:
2938 2157 3061 2211 Non
3085 2162 3224 2213 enim
3255 2162 3434 2214 missus
3459 2156 3599 2227 sum,
3631 2167 3710 2216 in-

2126 2227 2273 2299 quit,
2304 2229 2371 2280 ad
2409 2244 2527 2291 vos,
2556 2229 2646 2283 sed
2670 2231 2736 2282 ad
2764 2245 2878 2283 oves
2909 2245 3022 2296 qua:
3046 2230 3300 2299 perierunt
3332 2233 3510 2285 domus
3546 2232 3711 2286 Israel

2128 2297 2340 2369 (Matth.
2368 2299 2455 2370 15.
2478 2298 2591 2370 24).
2620 2299 2732 2369 Ego
2752 2315 2878 2355 vero
2902 2309 2960 2353 ut
2978 2297 3197 2355 catellus
3216 2304 3281 2355 ad
3304 2303 3528 2356 alienam
3556 2320 3706 2358 men-

2126 2383 2241 2423 sam
2282 2369 2604 2431 assidebam,
2634 2385 2755 2425 cum
2786 2370 3022 2425 nondum
3055 2386 3239 2439 panem
3270 2374 3548 2428 comedere
3587 2391 3707 2440 pos-

2126 2454 2239 2492 sem
2261 2480 2277 2504 ,
2306 2440 2400 2494 sed
2442 2440 2696 2515 cadentes
2734 2443 2900 2515 micas
2929 2443 3190 2510 parasitus
3214 2443 3535 2515 colligerem.
3573 2446 3705 2512 Quia

2124 2525 2256 2584 vero
2288 2522 2342 2564 tu
2380 2525 2573 2584 manna
2611 2511 2679 2566 de
2717 2513 2849 2566 czelo
2891 2528 2999 2567 non
3038 2511 3362 2584 cognovisti;
3407 2516 3460 2569 in
3502 2511 3707 2584 mepa~

2126 2580 2207 2632 nis
2241 2597 2335 2648 per
2375 2582 2530 2636 fidem
2561 2584 2848 2638 translatus
2885 2594 3000 2645 est,
3040 2594 3092 2635 et
3108 2580 3266 2637 'canis
3304 2586 3419 2638 loco
3460 2586 3593 2639 [ilius
3616 2580 3705 2639 'ef-

2126 2651 2315 2717 fut-tus,
2345 2668 2533 2708 carnes
2576 2654 2819 2709 comedo.
2862 2652 3067 2709 Occidit
3108 2657 3248 2709 enim
3294 2657 3381 2709 lux
3422 2657 3599 2709 mundi
3651 2658 3701 2710 in

2125 2736 2318 2791 magno
2342 2738 2567 2793 corpore
2585 2724 2805 2779 Christi.
2828 2725 3068 2793 Accipite,
3094 2727 3355 2789 comedite,
3382 2727 3475 2779 hoc
3500 2736 3570 2779 est
3594 2743 3707 2779 cor-

2125 2808 2218 2869 pus
2246 2810 2409 2846 meum
2437 2793 2646 2869 (Matth.
2790 2796 2904 2867 26).
2933 2796 3121 2869 Curtios
3144 2808 3310 2869 coctus
3335 2798 3455 2865 igni.
3488 2796 3704 2866 lgneum

2123 2862 2275 2938 enim
2305 2874 2388 2919 est
2424 2862 2735 2920 rationabile
2754 2862 2953 2938 corpus
2978 2862 3195 2921 Christi.
3235 2862 3413 2938 Ignem
3452 2862 3562 2922 veni
3588 2870 3706 2938 mit-

2126 2942 2228 3009 t_e_re
2260 2937 2314 3009 in
2347 2946 2560 3009 terram,
2603 2947 2657 3009 et
2677 2936 2799 3005 quid
2836 2938 2948 2991 volo
2984 2939 3029 2991 si
3045 2939 3158 3009 jam
3191 2936 3429 2992 accensus
3462 2940 3523 2990 sit
3549 2937 3703 3007 (Luc.

2125 3004 2215 3059 12.
2247 3006 2502 3077 49)?Non
2532 3004 2751 3062 crudam
2777 3022 2991 3061 carnem
3012 3004 3130 3074 ;'ut
3156 3009 3376 3062 verbum
3404 3010 3469 3063 sit
3511 3004 3702 3077 opera-

2124 3076 2273 3148 tione
2295 3076 2465 3148 facile,
2495 3078 2641 3141 utile,
2669 3079 2994 3147 acceptabile
3017 3098 3030 3131 :
3056 3095 3160 3133 non
3183 3095 3317 3148 aqua
3340 3076 3607 3142 assatum;
3637 3096 3703 3136 ne

2124 3144 2429 3219 humidum,
2462 3164 2690 3217 aqueum
2722 3144 2812 3202 vel
2832 3149 3121 3203 resolutum
3154 3144 3247 3203 sit.
3283 3149 3446 3218 Caput
3474 3167 3586 3203 cum
3616 3168 3702 3219 pe-

2123 3218 2270 3290 dibus
2296 3228 2341 3271 et
2366 3219 2630 3273 intestinis.
2662 3220 2982 3289 Principium
3013 3231 3067 3276 et
3093 3221 3321 3274 tnedium
3344 3262 3357 3283 ,
3389 3222 3540 3290 quasi
3569 3218 3704 3274 invi-

2122 3288 2275 3362 sibile
2302 3290 2617 3356 consilium;
2651 3292 2811 3362 pedes
2839 3288 2893 3344 ttt
2921 3290 3099 3345 homo.
3134 3290 3304 3362 Caput
3331 3288 3450 3362 cum
3480 3292 3703 3361 pedibus

2123 3368 2177 3413 et
2207 3359 2472 3413 intestinis
2500 3377 2514 3414 τ
2550 3361 2863 3429 principium
2899 3372 2953 3415 et
2980 3359 3297 3416 medium—et
3322 3361 3441 3415 ﬁnis
3476 3359 3494 3417 Ξ
3522 3364 3700 3416 omnia

2122 3430 2382 3502 continet,
2414 3433 2802 3502 Constringitet
2825 3433 3151 3502 conglutinat
3176 3434 3226 3486 itt
3255 3433 3431 3501 seipso
3454 3433 3706 3486 insolubi-

2120 3498 2262 3555 libus
2290 3502 2534 3568 viuculis,
2564 3498 2692 3557 vere
2718 3501 2885 3556 lactus
2912 3498 3175 3556 mediator
3206 3504 3293 3557 Dei
3324 3498 3377 3557 et
3404 3505 3702 3557 hominum.

2120 3568 2293 3643 Caput
2321 3587 2440 3625 cum
2474 3571 2692 3643 pedibus
2719 3583 2774 3628 et
2804 3575 3087 3627 intestinis.
3117 3574 3410 3627 Altitudine
3429 3616 3443 3636 ,
3478 3577 3700 3643 profun-

2120 3639 2307 3729 ditatle,
2337 3642 2630 3724 latitudine,
2660 3660 2790 3729 qua).
2803 3653 2927 3698 sunt
2950 3654 3103 3729 terrm.
3135 3645 3358 3698 radit-es.
3388 3639 3705 3729 Capiuncum

2121 3710 2345 3780 pedibus
2369 3722 2423 3766 et
2449 3710 2737 3770 intestinis.
2768 3714 2878 3769 Lex
2898 3755 2913 3776 ,
2941 3715 3161 3770 verbum
3183 3756 3198 3779 ,
3232 3726 3288 3768 ut
3312 3724 3365 3768 et
3396 3710 3701 3769 consilium.

2124 3782 2291 3855 Quam
2310 3784 2521 3851 speciosi
2545 3784 2693 3853 pedes
2715 3786 3163 3854 euangelizantium
3184 3786 3311 3837 bona
3335 3784 3483 3854 (Isai.
3510 3787 3597 3839 52.
3619 3788 3701 3855 7;!

2124 3851 2196 3905 0s
2225 3864 2395 3906 autem
2427 3871 2527 3907 non
2546 3851 2897 3910 Vcoimninuetis
2924 3872 2987 3909 ea:
3024 3873 3081 3909 eo
3116 3851 3444 3925 (Exod-1‘2.
3475 3856 3602 3925 46);
3650 3851 3706 3912 ut

2119 3934 2472 3993 cognoscatur
2499 3927 2820 3979 resurrectio
2844 3941 2964 3979 cum
2991 3941 3233 3993 corpore.
3267 3926 3393 3979 Nam
3425 3926 3589 3991 Mitte,
3625 3929 3708 3979 in-

2120 3995 2269 4063 quit,
2301 3994 2485 4065 digitos
2519 3998 2714 4068 tuosgin
2744 3997 2938 4064 ﬁxurus
2963 3997 3219 4050 clavorum
3247 3995 3438 4068 (Joau.
3468 3996 3559 4051 20.
3584 3997 3703 4068 27),

2120 4073 2179 4138 ut
2199 4068 2336 4138 scias
2356 4106 2370 4127 ,
2416 4068 2547 4129 Quia
2574 4066 2783 4138 spiritus
2810 4084 3009 4138 carnem
3036 4078 3083 4120 et
3110 4084 3222 4122 ossa
3249 4066 3349 4120 non
3374 4069 3519 4121 habet
3546 4067 3683 4138 (Luc

2119 4134 2209 4188 24.
2240 4135 2349 4202 59).
2394 4138 2591 4205 Azyma
2617 4152 2736 4190 cum
2767 4136 2945 4192 herbis
2970 4139 3166 4191 amaris
3189 4140 3473 4192 comedite.
3506 4134 3703 4192 Ainara

2121 4206 2265 4258 enim
2295 4205 2423 4279 tibi,
2448 4217 2501 4260 et
2522 4222 2826 4279 amarorum
2847 4222 3068 4278 operum
3097 4218 3220 4261 sunt
3249 4210 3520 4279 mysteria.
3543 4207 3707 4262 Terra

2120 4286 2282 4329 vestra
2308 4276 2522 4349 deserta,
2545 4278 2768 4331 civitates
2788 4276 2962 4332 vestra:
2986 4295 3237 4333 succensa:
3260 4276 3385 4349 igni,
3415 4291 3598 4332 terram
3623 4296 3709 4333 ve-

2121 4357 2277 4400 stram
2294 4347 2446 4400 alieui
2462 4363 2632 4400 coram
2648 4349 2783 4402 uobis
2803 4350 3089 4414 comedunt,
3105 4362 3148 4403 et
3163 4347 3356 4404 deserta
3376 4358 3446 4403 est
3466 4351 3707 4404 subuersa

2120 4418 2992 4491 a_populisie:t:traneis.'Comedetis
3020 4418 3221 4472 Pascha
3246 4436 3362 4473 cum
3386 4422 3708 4491 festinatione

2126 4486 2274 4560 (Isai.
2311 4490 2361 4541 1.
2392 4490 2469 4560 7).
2505 4489 2728 4560 Vigilem
2771 4492 2965 4559 quippe
2993 4500 3047 4543 et
3078 4486 3617 4559 excitatum'oportet
3643 4493 3711 4544 il-

2120 4557 2229 4629 lum
2261 4574 2380 4614 esse
2399 4557 2527 4627 ,qui
2555 4557 2622 4614 ad
2648 4557 2853 4613 tantum
2871 4557 3004 4613 illud
3036 4575 3229 4629 corpus
3257 4572 3337 4614 est
3364 4557 3703 4615 accCSsttrus.

2121 4628 2303 4681 Lumbi
2319 4631 2463 4683 vestri
2481 4632 2720 4684 succincti
2739 4631 2857 4684 sint.
2878 4631 3100 4684 Cessent
3117 4628 3374 4697 genitales
3390 4643 3445 4685 et
3460 4632 3706 4687 dissoltni

2122 4700 2299 4753 carnis
2328 4702 2523 4763 fluxus,
2550 4714 2603 4756 et
2633 4701 2864 4755 sordida:
2887 4702 3211 4770 voluptates.
3243 4700 3595 4755 Calceamenta
3620 4719 3709 4756 ve-

2120 4782 2226 4825 stra
2247 4772 2297 4823 in
2325 4772 2532 4838 pedibus
2558 4788 2577 4826 :
2606 4782 2666 4828 ut
2694 4771 2821 4826 recti
2849 4787 3062 4841 gressus
3088 4773 3215 4838 sint,
3238 4781 3293 4825 et
3316 4772 3482 4826 fulcra
3508 4775 3660 4825 firma
3683 4791 3697 4826 :

2122 4856 2245 4895 nam
2270 4843 2506 4896 veritatis
2531 4852 2654 4897 sunt
2681 4843 2904 4896 radices.
2929 4841 3300 4896 Calceamenta
3326 4853 3501 4896 vestra
3530 4843 3581 4895 in
3614 4859 3708 4911 pe-

2121 4913 2276 4984 dibus
2307 4914 2497 4984 vestris
2524 4930 2538 4968 :
2568 4930 2686 4980 qua:
2716 4913 2921 4984 Moyses
2948 4914 3159 4981 quidem
3186 4913 3359 4975 solvit,
3387 4912 3545 4966 Jesus
3575 4928 3705 4967 vere

2123 4982 2323 5051 ligavit.
2352 4983 2504 5049 Nam,
2534 4984 2705 5049 Solve,
2736 4982 2937 5051 inquit,
2970 4987 3357 5036 calceamentum
3388 4982 3699 5052 pedum‘tuo'

2121 5070 2237 5105 rum
2275 5052 2479 5125 (Exod.
2527 5055 2578 5108 5.
2622 5056 2726 5125 5),
2776 5066 2833 5107 ut
2878 5055 3046 5123 legem
3095 5056 3534 5123 pertransitnram
3583 5070 3720 5109 esse

2121 5124 2511 5178 ostenderetur.
2552 5125 2709 5195 Cujus
2734 5141 2833 5177 non
2856 5141 2968 5177 sunt
3006 5126 3188 5195 dignus
3216 5125 3483 5194 corrigiam
3504 5125 3707 5177 calcato

2120 5205 2400 5247 mentorum
2426 5195 2615 5248 solvere
2645 5194 2806 5266 (Luc.
2846 5195 2899 5249 5.
2934 5194 3073 5264 16),
3092 5205 3153 5266 ut
3198 5195 3426 5248 Verbum
3471 5196 3711 5263 undique

2120 5266 2464 5319 constrictum
2504 5280 2626 5320 esse
2652 5264 3043 5319 ustettderetur.
3078 5264 3255 5318 Baculi
3288 5268 3437 5318 vestri
3464 5267 3514 5317 iu
3542 5270 3713 5318 maui-

2121 5337 2211 5389 bus
2232 5338 2404 5388 vestris
2430 5352 2450 5391 :
2475 5335 2669 5389 divinze
2692 5337 2904 5389 virtutis
2930 5337 3079 5406 signa
3098 5378 3112 5398 ,
3145 5336 3473 5390 rationabilis
3499 5337 3713 5389 fortitu.

2120 5408 2259 5459 diuis
2282 5407 2468 5460 fulcra.
2502 5406 2657 5477 Virga
2691 5422 2785 5476 per
2808 5406 3075 5478 Moysem,
3103 5408 3247 5477 virga
3275 5422 3372 5477 per
3404 5411 3676 5461 Aarouem

2122 5479 2266 5548 virga
2298 5493 2460 5531 nucea
2480 5519 2494 5541 ,
2530 5480 2672 5548 virga
2698 5492 2816 5548 quae
2846 5478 3102 5548 profunda
3124 5480 3301 5548 maris
3329 5478 3553 5541 dividit,
3584 5493 3711 5545 quae

2122 5547 2343 5602 fontium
2390 5547 2736 5603 acerbitatem
2784 5547 2997 5602 dulcem
3045 5547 3303 5611 reddidit,
3351 5549 3496 5616 virga
3543 5562 3708 5616 supra

2120 5634 2278 5689 quam
2308 5630 2510 5687 septem
2539 5620 2760 5687 Spiritus
2783 5620 2953 5673 sancti
2975 5618 3066 5673 Dei
3093 5620 3500 5687 requieverunt:
3530 5617 3708 5683 Spiri-

2122 5702 2202 5767 tus
2227 5691 2485 5767 sapientia:
2510 5702 2557 5767 et
2588 5689 2906 5767 intellectus,
2922 5691 3129 5767 spiritus
3146 5690 3419 5767 _et
3442 5690 3713 5767 fortitudi-

2124 5763 2200 5814 nis
2222 5803 2233 5823 ,
2274 5754 2482 5830 spiritus
2518 5764 2709 5815 timoris
2751 5759 2850 5814 Dei
2889 5754 3111 5831 implebit
3138 5760 3279 5813 illum
3316 5754 3472 5829 (leui.
3508 5760 3595 5813 11.
3626 5754 3712 5821 2).
