4082 6400
504 289 605 345 74³

572 405 622 457 5.
657 400 766 454 lloc
793 409 906 454 erat
938 398 1158 460 Pascha,
1178 413 1283 467 quo
1307 397 1633 451 desideravit
1671 395 1829 450 Jesus
1855 395 1960 464 pati
1987 410 2083 461 pro

505 474 676 527 nobis.
714 471 812 524 Per
842 470 1141 536 passioiiom
1170 487 1196 520 a
1232 470 1477 535 passione
1507 467 1789 528 liberavit,
1826 478 1878 519 et
1911 473 2082 536 morte

505 554 729 599 tuortem
763 535 925 606 vicit,
955 555 1015 592 ac
1045 556 1138 607 per
1183 539 1442 592 visibilem
1499 554 1675 590 escam
1726 535 2080 607 immortalem

505 619 666 670 vitam
693 627 842 664 suam
866 606 1080 677 largitus
1103 619 1201 662 est.
1231 609 1339 661 Iloe
1369 621 1444 661 est
1472 610 1703 663 salutare
1725 607 1849 663 Jesu
1869 606 2083 659 deside-

506 688 642 740 rium
667 726 681 746 ,
716 683 801 736 hic
825 698 976 733 amor
1002 681 1220 734 omnino
1245 678 1567 746 spiritualis,
1599 692 1653 730 ιιι
1687 678 1934 732 ostendat
1962 678 2085 746 liga.

505 773 594 811 ras
640 745 787 820 quasi
831 752 1024 819 figuras
1054 792 1065 811 ,
1109 759 1162 802 et
1206 745 1415 802 sacrum
1460 766 1652 814 corpus
1691 749 1779 801 det
1809 745 2085 820 discipulis

507 831 618 882 suis
647 816 670 877 ε’
691 816 928 890 Αερὶρὶι-ε,
962 821 1205 873 romedite
1228 836 1246 872 :
1275 820 1366 872 hoc
1390 832 1460 871 est
1488 837 1671 887 corpus
1702 835 1885 871 meum.
1934 816 2084 870 Acci-

511 901 632 964 pite,
669 895 855 964 bibite;
887 893 966 944 hic
998 903 1068 964 εξςι
1090 892 1457 964 sanguismeus
1487 892 1536 964 in
1571 907 1709 964 novo
1752 897 2043 942 testamento
2067 927 2082 949 ,

508 960 596 1036 qui
627 983 716 1036 pro
743 960 1251 1036 ntultiseﬁitndelur
1295 963 1346 1013 in
1389 962 1730 1014 remissionem
1767 968 2087 1036 peccatorum

511 1027 735 1092 (Μιὲιιιι.
765 1033 859 1088 ‘26.
889 1031 959 1084 26
979 1033 1084 1084 -‘28
1110 1035 1150 1099 ).
1201 1032 1324 1085 Ideo
1371 1047 1476 1085 non
1512 1040 1712 1084 tantum
1761 1027 2045 1084 comedere
2071 1068 2085 1090 ,

510 1101 764 1176 quantum
798 1105 899 1174 pati
923 1103 1226 1176 desiderat,
1257 1111 1312 1156 ιιι
1341 1117 1444 1176 nos
1469 1117 1516 1176 _a
1567 1102 1812 1176 passione
1861 1114 1954 1167 per
1998 1113 2090 1150 co-

514 1172 829 1234 mestioneiit
867 1175 1152 1240 promerita
1178 1173 1361 1226 liberet
1389 1189 1403 1234 ;
1433 1172 1656 1240 ideoque
1677 1172 1876 1240 lignum
1904 1181 2086 1240 contra

515 1251 712 1319 lignum
743 1239 1038 1319 plantavit,
1065 1251 1118 1296 et
1141 1243 1292 1319 illam
1311 1244 1438 1297 olim
1481 1239 1674 1319 malam
1714 1239 1927 1293 manum

513 1309 674 1385 gis/ns,
707 1309 870 1370 totam
899 1315 1058 1385 vitam
1105 1329 1234 1385 vere
1280 1314 1331 1366 in
1369 1329 1426 1367 se
1469 1313 1789 1385 pendentem
1834 1309 2088 1362 ostendit.

513 1383 594 1446 Tu
642 1387 854 1457 quidem
882 1427 896 1450 ,
927 1400 961 1457 o
986 1383 1171 1457 Israel,
1202 1385 1559 1457 nonpotuisti
1582 1383 1903 1457 manducare
1935 1399 1961 1457 ε⁸
1995 1395 2092 1432 nos

514 1476 643 1514 vero
660 1451 788 1513 cum
810 1456 1114 1524 cognitione
1141 1454 1405 1508 insolubili
1435 1453 1787 1524 spiritualiter
1808 1451 2095 1524 manduca-

515 1532 708 1590 vimus,
742 1537 795 1581 et
829 1521 944 1595 post
969 1527 1144 1579 cibum
1187 1521 1474 1592 sumptum
1509 1541 1611 1578 non
1659 1523 1936 1595 morimur.
1977 1521 2094 1595 μου

517 1601 649 1658 mihi
676 1591 871 1667 lignum
904 1606 988 1650 cst
1017 1597 1068 1667 in
1087 1591 1324 1667 salutem
1348 1605 1621 1667 aeternam
1644 1613 1672 1667 ;_
1702 1594 1802 1647 hoc
1849 1591 2056 1644 nutrior
2075 1631 2092 1656 ,

519 1675 620 1727 hoc
646 1664 934 1732 convivor;
959 1664 1056 1720 sub
1087 1665 1242 1733 hujus
1271 1665 1538 1719 radicibus
1565 1665 1772 1718 radices
1796 1677 1966 1731 pono,
2011 1676 2093 1714 ra-

519 1758 639 1799 mos
661 1742 889 1794 extendo
913 1754 926 1800 ;
954 1753 983 1790 a
1025 1735 1212 1805 spiritu
1242 1745 1418 1789 autem
1450 1751 1544 1789 ceu
1574 1751 1604 1789 a
1645 1744 1803 1789 vento
1830 1747 1949 1785 cum
1987 1748 2097 1805 _vo-

521 1816 724 1882 luptatc
783 1809 1018 1864 eiu-olor.
1055 1802 1180 1860 “Sub
1229 1806 1402 1882 hujus
1449 1809 1635 1860 umbra
1694 1802 2092 1882 tabernaculum

525 1872 697 1955 posui.
731 1892 780 1935 et
806 1882 1027 1955 multum
1057 1887 1265 1955 aestum
1285 1872 1530 1955 devitans
1553 1876 1965 1955 ,__roreJilenum
1999 1872 2095 1954 lia-

524 1943 622 2009 beo
649 1951 1046 2006 diversorium:
1089 1962 1209 2000 cmn
1256 1951 1410 2014 hujus
1461 1947 1681 2000 ﬂoribus
1729 1946 1934 2008 ﬂoreo,
1981 1943 2099 2009 ejus

524 2025 780 2080 fructibus
807 2035 1015 2072 suuune
1040 2018 1300 2080 delector,
1333 2018 1533 2071 l'ructus
1555 2033 1679 2071 vero
1695 2017 1764 2070 ab
1792 2016 1942 2069 initio
1966 2014 2098 2066 mihi

523 2102 821 2150 reservatus
845 2091 1096 2154 ἀνείη-ρο.
1131 2089 1240 2142 Hoc
1264 2089 1392 2141 mihi
1424 2089 1677 2142 esarienti
1722 2087 1980 2141 delicatus
2019 2085 2098 2137 ei-

525 2170 624 2222 bus
653 2174 752 2224 cst,
785 2161 980 2215 sitienti
1010 2159 1148 2222 fons,
1180 2159 1321 2212 nudo
1353 2169 1748 2227 tegumentum,
1780 2157 1933 2226 cujus
1973 2154 2098 2209 folia

525 2237 746 2306 spiritus
777 2229 1378 2306 vitazgsuut.‘Nou_ulti-a
1427 2231 1554 2284 mihi
1606 2227 1927 2306 lolia‘iicus.
1975 2227 2100 2280 llaec

527 2299 654 2363 mihi
687 2307 848 2359 Deum
879 2300 1084 2354 timenti
1112 2301 1274 2354 tutela
1302 2309 1384 2354 est
1405 2344 1418 2359 ,
1453 2301 1657 2354 nutanti
1683 2299 1909 2352 fulcrum
1931 2338 1943 2357 ,
1976 2313 2100 2350 cer-

527 2378 656 2433 tanti
687 2374 946 2435 bravium,
978 2371 1164 2424 victori
1197 2381 1457 2439 tropa-um
1485 2391 1498 2424 :
1533 2372 1645 2423 haec
1674 2369 1801 2422 mihi
1842 2377 1987 2421 arcta
2017 2383 2102 2422 se-

529 2449 696 2513 mita,
729 2455 948 2514 angusta
1001 2443 1120 2505 via;
1170 2441 1284 2494 [nec
1334 2444 1475 2514 scala
1515 2441 1732 2514 Jacobi,
1789 2439 2100 2514 angelorum

529 2510 782 2574 ascen-sus
804 2510 860 2569 et
886 2514 1209 2575 descensus,
1240 2514 1291 2565 in
1319 2513 1470 2582 cujus
1506 2513 1735 2566 culmine
1773 2520 1878 2564 stat
1920 2510 2098 2582 Domi-

529 2605 650 2646 nus.
686 2589 809 2642 llaec
838 2585 997 2638 arbor
1021 2599 1048 2635 a
1101 2592 1239 2636 terra
1283 2581 1451 2652 usque
1496 2582 1562 2636 ad
1607 2583 1796 2635 etc-lum
1834 2581 2096 2652 assurgit,

531 2657 843 2717 immortalis
871 2657 1044 2722 planta
1071 2694 1085 2716 ,
1116 2668 1233 2722 qua:
1264 2651 1412 2706 lirnia
1444 2654 1664 2721 erigitur
1693 2654 1743 2706 in
1778 2652 1951 2704 medio
1989 2651 2100 2703 caeli

529 2743 582 2788 et
612 2742 788 2787 teme,
820 2727 1043 2779 fulcrum
1068 2724 1318 2790 universi,
1355 2724 1744 2777 firmamentum
1768 2722 1932 2785 orbis,
1961 2736 2106 2774 com-

533 2803 710 2872 plexio
738 2796 917 2872 mundi
939 2794 1265 2872 ,“tllttl‘laitiltl
1297 2796 1496 2872 variam
1540 2794 1889 2872 substantiam
1932 2797 2105 2872 couti-

536 2863 698 2933 iicus,
743 2867 1094 2922 invisibilibus
1122 2865 1338 2933 spiritus
1365 2863 1529 2918 clavis
1570 2866 1801 2928 conlixa,
1832 2872 1889 2916 ut
1917 2864 1996 2916 rei
2022 2863 2103 2915 di-

533 2946 670 2998 vinae
699 2953 998 3006 caugrueus
1030 2951 1132 2987 nou
1182 2937 1318 2987 ultra
1376 2936 1630 2999 solvatur,
1667 2950 1908 2988 summos
1947 2934 2107 2986 ea-los

531 3015 865 3077 contingens,
893 3007 1112 3075 pedibus
1139 3020 1263 3077 vero
1287 3014 1478 3077 terram
1511 3007 1746 3077 lirmans,
1781 3006 2109 3069 multumque

535 3075 907 3140 intermedium
937 3077 1074 3130 aeris
1104 3076 1345 3145 spiritum
1374 3075 1608 3144 undique
1631 3076 1905 3129 immensis
1934 3077 2108 3128 mani-

537 3156 636 3210 bus
661 3152 1043 3218 complemeus.
1089 3147 1257 3218 Totus
1284 3157 1397 3198 erat
1434 3148 1626 3214 ubique
1653 3147 1705 3199 in
1733 3147 2000 3218 munibus,
2057 3154 2112 3199 et

541 3241 636 3294 per
657 3238 716 3276 se
742 3215 910 3274 solum
939 3225 1122 3294 contra
1150 3217 1324 3294 aerias
1348 3226 1636 3285 potestates
1662 3215 1834 3294 nudus
1862 3231 2111 3294 congres-

539 3288 632 3349 sus
674 3303 754 3347 est
785 3307 798 3344 :
829 3301 882 3342 et
909 3289 975 3342 ad
1007 3289 1167 3341 breve
1196 3288 1408 3355 quidem
1434 3297 1638 3353 tempus
1665 3289 1859 3340 clamat
1887 3297 1944 3340 ut
1970 3288 2108 3341 calix

541 3373 797 3426 transeat,
829 3376 886 3413 ιιι
901 3359 1146 3412 ostendat
1166 3373 1223 3411 se
1254 3372 1378 3411 vere
1419 3357 1687 3410 hominem
1715 3373 1864 3422 esse;
1906 3373 2112 3410 memor

542 3445 718 3490 autem
750 3450 850 3501 qua
883 3431 950 3483 de
997 3443 1154 3501 causa
1184 3427 1379 3480 missus
1401 3439 1564 3492 esset,
1597 3437 1654 3480 ut
1697 3428 1940 3501 impleret
1969 3443 2114 3501 teco-

545 3498 780 3562 nomiam
805 3502 867 3555 ad
897 3515 1053 3569 quam
1083 3498 1280 3552 missus
1324 3509 1457 3560 erat,
1494 3513 1703 3551 rursum
1732 3500 1963 3552 clamat:
1994 3499 2113 3551 Non

543 3593 654 3631 mea
683 3575 933 3634 voluntas,
962 3570 1047 3622 sed
1070 3569 1306 3639 tuaﬁat;
1335 3571 1542 3637 spiritus
1571 3569 1703 3621 enim
1729 3578 1992 3639 promptus
2021 3581 2110 3628 est,

544 3664 664 3702 caro
690 3653 854 3697 autem
878 3643 1102 3708 infirma.
1135 3637 1328 3708 Utpute
1358 3641 1442 3706 qui
1468 3654 1564 3708 pro
1585 3641 1756 3691 anima
1787 3639 1840 3692 in
1869 3637 2116 3693 Certami-

549 3734 616 3771 ne
641 3724 878 3770 curreret
907 3711 971 3763 ad
1002 3710 1299 3768 victoriam.
1332 3711 1502 3778 primo
1526 3724 1737 3762 sacrum
1767 3719 1922 3777 eapttt
1950 3711 2114 3779 Spiuis

546 3795 854 3849 coronatur,
887 3793 1049 3836 totam
1093 3791 1327 3834 veterem
1380 3788 1537 3834 terra:
1581 3780 2009 3833 maledictionem
2046 3780 2114 3834 de

551 3858 727 3912 medio
759 3857 968 3918 tollens,
999 3850 1138 3921 quod
1167 3866 1260 3919 per
1298 3862 1574 3920 peccatum
1620 3852 1811 3917 ubiqtte
1843 3852 2114 3919 spinosum

549 3937 686 3990 erat,
722 3942 814 3995 per
861 3937 1070 3976 sacrum
1101 3932 1259 3989 caput
1302 3935 1460 3995 suum
1509 3921 1679 3995 lenius
1728 3921 1993 3995 reddens;
2029 3922 2115 3974 ubi

550 3991 735 4052 autem
751 3997 998 4049 acerbum
1021 4002 1072 4046 et
1093 4005 1304 4044 acutum
1333 3991 1400 4045 fel
1430 3991 1676 4044 draconis
1701 3992 1884 4053 ebibit,
1910 3993 2121 4044 univer-

550 4085 642 4124 sos
673 4067 822 4121 nobis
848 4063 1144 4117 dulcedinis
1171 4061 1343 4115 fontes
1376 4078 1466 4129 per
1491 4076 1550 4115 se
1576 4063 1747 4129 ipsum
1793 4071 2118 4131 attempera-

554 4141 647 4193 vit.
677 4139 806 4191 Cum
847 4136 988 4188 cuitu
1032 4132 1268 4186 mulieris
1298 4147 1430 4198 opus
1459 4133 1666 4186 solvere
1696 4132 1874 4193 vellet,
1903 4141 1956 4186 et
2000 4150 2116 4185 eam

553 4227 670 4278 qua:
711 4223 772 4262 ex
804 4209 968 4258 latere
993 4206 1218 4278 primum
1249 4215 1362 4255 orta
1385 4212 1438 4254 et
1453 4201 1739 4278 ‘niortil‘era
1785 4214 1919 4266 erat,
1945 4203 2118 4256 couti-

554 4273 706 4342 nere,
735 4292 942 4330 sacrum
977 4289 1129 4327 suum
1162 4275 1298 4326 latus
1320 4273 1513 4338 aperiri
1546 4273 1733 4338 voluit,
1767 4288 1829 4327 ex
1868 4290 1971 4340 quo
2000 4291 2123 4327 san-

553 4352 671 4422 guis
709 4363 858 4401 sacer
884 4343 1366 4422 et_a_qua__manavit
1389 4385 1404 4408 ,
1454 4342 1683 4422 perfecta
1713 4355 1764 4397 et
1795 4359 1943 4397 saera
1972 4346 2120 4422 sig-na

557 4413 858 4491 nuptiarum
881 4415 1230 4491 spiritualium
1245 4422 1315 4491 _et
1352 4413 1715 4491 mysticarum,
1761 4429 1965 4491 necnon
1983 4417 2124 4491 ado-

557 4483 750 4562 ptiimis
794 4499 846 4540 et
874 4483 1308 4562 regenerationis.
1349 4483 1472 4562 Ipse
1501 4486 1742 4562 {nuntios
1773 4485 2043 4562 baptiaabit
2070 4487 2122 4562 in

555 4553 755 4630 Spiritu
778 4553 951 4612 sancto
970 4566 1015 4609 et
1041 4555 1165 4630 igni.
1185 4557 1332 4623 Aqua
1348 4563 1412 4630 _ut
1428 4555 1477 4606 in
1505 4553 1726 4630 Spiritu,
1750 4557 1966 4623 sanguis
1997 4565 2051 4630 ut
2073 4557 2121 4609 in

555 4625 696 4701 igne.
729 4630 877 4682 Tunc
905 4643 1024 4680 cum
1047 4626 1148 4701 illo
1168 4625 1526 4701 extenduntur
1559 4626 1665 4677 duo
1701 4625 1958 4688 latrones,
1985 4627 2122 4681 duo-

557 4695 672 4757 rum
713 4701 764 4754 in
815 4715 873 4752 se
903 4698 1216 4765 populorum
1248 4696 1393 4764 signa
1426 4695 1692 4748 ferentes:
1727 4712 1952 4762 quorum
1978 4712 2124 4751 unus

555 4782 808 4833 mutatus,
825 4769 1020 4838 probus
1040 4767 1289 4838 ellicitur,
1313 4775 1367 4820 et
1389 4766 1777 4838 ctutl'essiouem
1806 4768 2018 4838 emittit,
2040 4777 2124 4820 at-

553 4859 657 4912 que
683 4857 805 4909 erga
827 4836 1116 4891 Dominum
1141 4837 1224 4906 pie
1243 4838 1471 4890 al'licitur
1495 4855 1508 4893 :
1532 4837 1665 4912 alter
1690 4852 1816 4912 vero
1843 4836 1989 4912 dura:
2010 4854 2126 4891 cer-

556 4907 686 4967 vicis
707 4907 826 4965 cum
859 4912 1346 4971 sit,cmumovetur,
1373 4915 1427 4961 et
1463 4923 1588 4974 erga
1615 4907 1894 4960 Dominum
1925 4910 2120 4976 impro-

559 4989 655 5038 bus
679 4993 783 5047 est,
816 4995 986 5048 neque
1009 4980 1144 5048 pius,
1168 4989 1328 5046 atque
1352 4979 1402 5030 in
1427 4979 1708 5046 praeteritis
1733 4980 1964 5045 peccatis
2001 4995 2124 5046 per-

555 5063 784 5108 severat.
822 5053 978 5103 Certe
1005 5050 1124 5101 duae
1157 5061 1281 5102 sunt
1305 5049 1466 5100 animi
1500 5048 1870 5116 cogitationes,
1901 5065 2124 5118 quarum

554 5126 720 5177 altera
759 5137 788 5174 a
827 5121 1058 5190 peccatis
1085 5121 1412 5172 convertitur
1441 5128 1495 5172 et
1515 5119 1581 5172 ad
1611 5119 1890 5190 Dominum
1935 5121 2121 5185 tendit,

556 5196 782 5257 idecque
811 5188 904 5260 per
931 5191 1296 5260 paenitentiam
1322 5189 1606 5260 clementia
1629 5199 1684 5242 et
1708 5188 1914 5243 honore
1938 5191 2124 5260 digna-

558 5276 676 5328 tur;
706 5259 871 5317 aitera
903 5259 1029 5315 vero
1063 5259 1456 5323 iniexi-usahilis,
1498 5260 1618 5328 quia
1651 5259 2122 5328 iniintttabilis'est,

555 5346 606 5390 et
638 5350 804 5403 usque
829 5337 879 5384 in
914 5333 1248 5386 liuemlatru.
1300 5329 1368 5385 Ut
1395 5345 1522 5403 vero
1565 5332 1722 5403 linem
1765 5329 1946 5403 habuit
1970 5348 2125 5386 mun-

557 5401 755 5459 danutii
789 5403 920 5457 illud
954 5413 1250 5460 certamen,
1283 5411 1338 5453 et
1364 5401 1593 5468 malique
1624 5401 1712 5454 ille
1740 5402 1924 5455 retulit
1954 5405 2122 5456 victo-

557 5481 711 5540 riam,
749 5489 919 5542 neque
944 5474 1113 5525 elatus
1131 5485 1185 5524 ut
1205 5473 1360 5531 Deus,
1388 5487 1557 5539 neque
1585 5471 1756 5524 Victus
1789 5484 1846 5525 ut
1869 5473 2047 5537 immo,
2073 5475 2124 5527 in

560 5549 750 5600 liuibus
797 5545 1162 5596 universorum
1201 5542 1392 5594 mansit
1423 5542 1712 5594 radientum
1746 5542 1983 5597 victoria:
2015 5556 2125 5597 tro-

561 5634 766 5686 parum,
809 5615 935 5686 dum
989 5615 1102 5686 ipse
1143 5613 1194 5664 iu
1240 5615 1422 5686 seipso
1459 5613 1528 5666 de
1572 5611 1725 5667 hoste
1760 5628 1900 5686 cum,
1931 5629 2124 5683 pompa

557 5684 1031 5755 triumphat.Tunc
1053 5685 1118 5738 de
1148 5684 1412 5752 patientiae
1433 5685 1826 5752 perseverantia
1854 5685 2128 5752 obstupuit

556 5760 833 5811 universus
862 5757 1040 5812 orbis:
1066 5767 1190 5810 tunc
1216 5757 1330 5808 caeli
1359 5757 1608 5808 commoti
1631 5766 1774 5822 sunt,
1800 5757 2126 5827 principatus

2015 279 2284 336 Sl’L‘lllA.

3653 283 3755 340 744

2192 395 2436 447 caelestes
2482 395 2705 455 turbati,
2755 395 2930 448 throni
2987 395 3108 450 item
3159 408 3209 450 et
3239 397 3378 464 leges
3416 396 3538 452 dum
3581 400 3759 451 vident

2192 479 2458 518 summum
2486 466 2656 533 magni
2682 467 2950 520 exercitus
2970 468 3162 520 Ducem
3186 483 3522 535 suspensum.
3571 467 3758 521 Parum

2190 537 2356 606 abluit
2388 537 2516 604 quin
2566 536 2738 588 stellze
2784 536 2852 589 de
2891 538 3024 589 ca-lo
3065 538 3481 599 caderent,eum
3521 539 3606 606 qui
3640 550 3760 592 ante

2190 605 2468 658 luciferum
2498 617 2645 660 orttts
2672 618 2785 658 erat
2823 619 3100 661 extensum
3131 617 3425 662 cernentes.
3463 605 3763 662 ExStinctus

2189 677 2521 747 aliquantum
2555 677 2812 744 temporis
2831 688 2913 730 est
2935 678 3062 730 solis
3095 679 3248 743 ignis,
3292 679 3473 732 videns
3517 693 3764 747 magnum

2192 746 2377 800 niuudi
2417 748 2591 799 lmueu
2627 748 2991 800 obscuratum.
3044 748 3193 801 Tunc
3224 758 3384 815 petrae
3409 749 3587 802 scissa!
3613 746 3761 808 Sunt.

2193 816 2406 869 lsraelis
2439 818 2703 898 ingratum
2727 819 2960 870 aniumm
2993 819 3356 898 “clamant-es
3389 818 3538 872 :Nuu
3573 821 3765 874 novisti

2230 896 2399 940 etram
2433 888 2786 954 spiritualem,
2817 904 2881 940 ex
2913 905 3012 954 qua
3047 890 3219 942 bibisti
3270 889 3392 942 dum
3435 893 3761 957 sequereris.

2223 957 2385 1013 ’elum
2418 959 2596 1026 templi
2639 959 2861 1010 scissum
2891 970 2989 1019 est,
3014 974 3130 1009 rum
3163 960 3375 1012 Christo
3419 961 3641 1029 patiens,
3689 962 3767 1014 iu-

2193 1028 2482 1096 diCansque
2551 1043 2731 1080 verum
2777 1044 3039 1082 smmnum
3091 1028 3428 1084 sacerdotem
3479 1032 3767 1086 caelestem.

2195 1098 2388 1152 Parum
2416 1098 2584 1150 abfuit
2627 1099 2752 1165 quin
2783 1108 2923 1151 totus
2951 1101 3180 1153 mundus
3209 1100 3625 1154 confunderetur
3648 1143 3663 1166 ,
3711 1118 3772 1155 ac

2194 1170 2458 1236 passionis
2478 1169 2668 1222 timore
2692 1169 3075 1224 dissolveretur
3099 1187 3111 1231 ;
3141 1170 3242 1223 nisi
3262 1170 3495 1223 divinum
3516 1171 3771 1239 Spiritum

2199 1239 2526 1292 iusul‘llasset
2554 1254 2776 1306 magnus
2826 1239 3001 1303 Jesus,
3034 1241 3216 1294 dicens
3258 1257 3272 1292 :
3306 1240 3475 1301 Pater,
3507 1242 3560 1292 in
3596 1260 3772 1295 manus

2197 1320 2306 1384 tuas
2335 1311 2624 1384 commendo
2655 1310 2890 1384 spiritum
2913 1327 3075 1364 meum
3098 1309 3248 1381 (Luc.
3271 1309 3360 1364 25.
3394 1312 3503 1384 46).
3521 1311 3770 1365 Commo-

2199 1382 2264 1432 tis
2293 1381 2436 1433 enim
2471 1381 2734 1433 universis
2778 1389 2832 1433 et
2872 1392 3029 1434 terra:
3061 1389 3205 1434 motu
3236 1381 3567 1443 nutantibus,
3607 1396 3777 1436 metu-

2197 1451 2684 1520 quetretueutibus,
2709 1451 3031 1505 ascendente
3057 1451 3237 1505 divino
3262 1452 3478 1520 Spiritu,
3495 1455 3772 1509 vivitieae-

2199 1521 2264 1574 tis
2286 1529 2340 1573 et
2367 1522 2732 1574 conﬁrmantis
2778 1536 2946 1584 more,
2970 1537 3154 1576 rursus
3195 1524 3341 1589 stetit
3391 1523 3672 1578 universus
3698 1543 3777 1577 or-

2201 1591 2302 1653 bis,
2333 1593 2480 1658 quasi
2505 1592 2711 1662 scilicet
2750 1591 2840 1644 illa
2885 1592 3061 1646 divina
3089 1595 3333 1647 extensio
3363 1604 3415 1646 et
3445 1595 3620 1648 erm-is
3651 1611 3775 1662 sup-

2198 1662 2411 1730 plieium
2445 1678 2538 1730 per
2565 1661 2742 1716 omnia
2773 1673 2991 1716 extensa
3032 1663 3273 1718 fuissent.
3305 1663 3348 1717 Ο
3376 1665 3484 1718 sola
3530 1665 3581 1718 iu
3628 1661 3773 1732 soliis,

2200 1741 2252 1785 et
2281 1733 2522 1786 universa
2547 1733 2596 1784 in
2622 1734 2913 1788 universis!
2943 1733 3195 1801 Spiritum
3220 1745 3364 1787 tuum
3390 1737 3501 1788 caeli
3528 1735 3773 1800 habeam,

2199 1804 2430 1878 animam
2463 1803 2777 1878 paradisus;
2812 1820 2934 1859 nam
2964 1806 3056 1870 ait,
3089 1805 3256 1878 Hodie
3285 1814 3456 1878 tecum
3485 1823 3580 1878 ero
3613 1808 3663 1878 in
3694 1825 3781 1878 pa-

2203 1874 2416 1938 radiso;
2460 1876 2768 1941 sanguinem
2799 1890 2946 1938 vero,
2989 1885 3147 1929 terra.
3182 1876 3392 1930 Divisas
3427 1886 3509 1930 est
3545 1874 3782 1932 iudivisi-

2203 1945 2340 2006 bilis,
2394 1954 2448 1997 ttt
2495 1945 2670 1997 omnia
2717 1955 3076 2010 servarentur,
3107 1955 3164 1998 ut
3203 1961 3270 2001 ne
3313 1946 3524 2001 iniimus
3568 1949 3780 2015 quidem

2204 2016 2352 2068 locus
2381 2015 2561 2068 divino
2593 2015 2818 2069 advetttu
2849 2032 3048 2084 eXpers
3091 2027 3250 2071 esset.
3293 2017 3540 2070 Formam
3571 2022 3780 2087 quidem

2203 2087 2319 2152 ejus
2347 2102 2450 2138 non
2479 2087 2706 2138 vidimus
2730 2128 2745 2152 ,
2773 2087 2865 2140 sed
2897 2102 3083 2141 vocem
3114 2088 3229 2156 ejus
3258 2088 3575 2142 audivimus.
3619 2090 3782 2146 Solvit

2204 2157 2379 2226 itaque
2413 2167 2530 2223 post
2560 2159 2721 2210 vitam
2754 2158 2940 2228 mortis
2972 2159 3200 2222 vincula,
3241 2168 3502 2228 potestate
3537 2176 3662 2213 usus
3702 2180 3781 2216 re-

2203 2228 2400 2300 gia,‘ut
2429 2244 2548 2300 cum
2584 2227 2982 2300 dixit,_Lazure,
3013 2230 3123 2282 veni
3161 2229 3298 2297 foras
3329 2229 3503 2297 (Joan.
3537 2233 3595 2284 11
3615 2273 3627 2282 .
3655 2234 3779 2300 45);

2203 2309 2276 2358 et,
2309 2296 2511 2361 Puella,
2545 2315 2693 2364 surge
2713 2296 2901 2369 (Marc.
2931 2300 2984 2353 5.
3016 2301 3102 2367 Η)
3125 2316 3138 2361 ;
3163 2296 3229 2352 ut
3258 2296 3372 2368 ejus
3395 2303 3672 2366 potestatis
3694 2296 3781 2357 im-

2209 2371 2412 2438 perimu
2445 2369 2786 2422 indicaretur.
2815 2369 3043 2437 Ideoque
3068 2385 3126 2422 se
3158 2379 3323 2422 totum
3356 2372 3510 2424 morti
3542 2373 3706 2434 dedit,
3733 2384 3786 2428 ut

2207 2455 2451 2492 vot'acem
2486 2441 2676 2502 feram,
2706 2449 2758 2492 et
2782 2440 3096 2509 inexplebile
3121 2441 3385 2494 vinculum
3415 2443 3465 2494 iu
3494 2458 3557 2496 se
3585 2444 3784 2497 interli-

2206 2521 2434 2564 reretur.
2470 2512 2522 2563 Ιιι
2553 2526 2778 2576 corpore
2808 2511 3135 2579 impeeeabili
3178 2511 3372 2578 ubique
3397 2513 3546 2566 cibos
3585 2531 3786 2579 qumre-

2207 2583 2298 2635 bat
2325 2582 2425 2633 sibi
2463 2582 2738 2648 proprios;
2773 2597 2898 2634 num
2944 2580 3013 2634 ibi
3054 2581 3296 2650 voluptas
3333 2593 3490 2647 esset,
3529 2600 3656 2638 num
3689 2587 3780 2648 ira,

2209 2669 2332 2705 nutu
2355 2651 2731 2725 inohedietttia,
2757 2668 2879 2725 num
2899 2653 3108 2706 tandem
3130 2662 3282 2725 vetus
3304 2665 3598 2720 peccatum,
3623 2656 3785 2725 prima

2209 2722 2397 2776 mortis
2419 2738 2558 2776 esra.
2594 2723 2849 2776 Stimulos
2878 2725 3018 2776 enim
3047 2724 3245 2790 peccati
3276 2738 3419 2777 mors
3445 2735 3527 2776 est
3558 2722 3638 2791 (ιζ
3669 2725 3780 2780 Cor.

2211 2795 2296 2846 l5.
2331 2791 2443 2859 56).
2484 2791 2616 2845 Cum
2646 2805 2820 2847 autem
2871 2794 2997 2846 nihil
3042 2797 3093 2848 in
3120 2810 3185 2847 eo
3214 2809 3359 2847 mors
3398 2797 3660 2862 reperiret
3686 2813 3787 2864 quo

2210 2865 2466 2927 aleretur,
2499 2865 2546 2915 in
2582 2867 2809 2931 seipsam
2834 2865 3103 2925 conclusa,
3134 2873 3187 2917 et
3218 2866 3321 2918 cibi
3353 2866 3569 2930 penuria
3599 2868 3786 2931 soluta,

2213 2937 2324 3003 ipsa
2358 2934 2453 2985 sibi
2488 2950 2631 2986 mors
2653 2937 2766 2996 fuit,
2794 2945 2849 2986 ut
2877 2951 3003 2986 vero
3035 2935 3182 2988 mttlti
3206 2951 3269 2987 ex
3295 2935 3452 3003 justis
3481 2947 3636 2990 erant
3663 2955 3790 2990 nuu-

2214 3008 2403 3059 tiantes
2426 3016 2476 3057 et
2501 3005 2877 3075 propltetantes
2901 3009 2951 3058 in
2975 3005 3357 3060 resurrectione
3384 3007 3788 3075 primogenitum

2212 3092 2278 3130 ex
2309 3076 2552 3129 mortuis.
2599 3073 2690 3128 llle
2722 3090 2846 3129 vero
2881 3091 2976 3144 per
3005 3075 3232 3129 triduum
3263 3077 3359 3128 sub
3386 3073 3530 3130 terra
3564 3073 3788 3142 hiansit,

2215 3158 2270 3200 ut
2297 3156 2463 3200 totum
2492 3145 2780 3198 humanum
2815 3160 3003 3216 genus,
3034 3157 3085 3198 et
3108 3146 3246 3215 quod
3274 3157 3397 3200 ante
3424 3147 3596 3215 legem
3627 3149 3792 3202 fuerat

2215 3233 2309 3287 per
2339 3217 2685 3284 semetipsum
2716 3227 2968 3269 servaret.
2996 3216 3243 3270 Fortasse
3269 3232 3393 3270 vero
3414 3228 3472 3271 ut
3494 3230 3662 3272 totum
3685 3224 3793 3271 ani-

2215 3289 2317 3341 mal
2347 3287 2646 3344 suscitaret,
2672 3289 2921 3350 auimam,
2948 3289 3188 3359 Spiritum
3214 3298 3267 3341 et
3287 3303 3524 3352 carnem,
3556 3290 3678 3344 ideo
3702 3305 3792 3359 per

2218 3359 2446 3411 triduum
2475 3369 2732 3410 moratur.
2755 3360 3076 3411 Suscitatum
3105 3358 3250 3410 illutn
3281 3359 3453 3425 primo
3480 3360 3660 3414 vident
3683 3358 3790 3412 tnu-

2217 3429 2394 3483 lieres.
2440 3427 2505 3483 Ut
2531 3429 2672 3481 enim
2708 3431 2932 3496 prinmm
2973 3439 3246 3496 peccatum
3285 3430 3475 3482 mulier
3501 3431 3556 3483 in
3605 3433 3793 3484 mundo

2217 3499 2450 3566 admisit,
2501 3499 2578 3552 sic
2621 3509 2675 3552 et
2707 3501 2896 3552 mulier
2941 3498 3108 3566 prima
3140 3500 3336 3552 mundo
3376 3502 3536 3552 vitam
3573 3503 3792 3554 nuntiat.

2220 3564 2560 3624 Ideosacram
2583 3585 2767 3624 vocem
2786 3564 3007 3622 audiunt
3028 3571 3292 3633 mulieres,
3317 3570 3464 3623 Avete
3481 3571 3792 3639 (Matt/n28.

2218 3641 2298 3709 9),
2330 3652 2386 3693 ιιι
2425 3642 2570 3708 prior
2595 3643 2746 3692 dolor
2791 3657 2882 3708 per
2911 3640 3157 3709 gaudium
3202 3643 3612 3695 resurrectionis
3655 3644 3797 3697 tolle-

2222 3720 2371 3765 retur
2396 3727 2409 3772 ;
2462 3721 2516 3764 et
2543 3721 2599 3763 ut
2624 3711 2692 3762 ab
2721 3710 3006 3764 incredulis
3027 3711 3143 3778 ejus
3171 3719 3198 3761 ιι
3227 3713 3451 3766 mortuis
3481 3715 3794 3769 resnrrectio

2220 3798 2339 3835 eum
2372 3797 2595 3850 corpore
2626 3782 2956 3835 crederetur.
2986 3779 3053 3835 Ut
3083 3791 3242 3834 totam
3273 3782 3370 3835 sibi
3407 3785 3688 3852 imaginem
3721 3787 3795 3834 iu-

2221 3852 2426 3911 duerat,
2452 3861 2507 3905 et
2527 3862 2760 3905 veterem
2787 3852 3054 3904 hominem
3076 3867 3234 3921 quem
3258 3852 3514 3915 induerat,
3544 3856 3794 3908 transfor-

2223 3923 2387 3976 mavit
2414 3923 2462 3974 in
2486 3923 2751 3976 caelestem
2783 3923 3050 3974 hominem
3083 3941 3096 3976 :
3131 3933 3254 3976 tunc
3281 3940 3399 3976 cum
3427 3940 3491 3977 eo
3522 3927 3610 3978 illa
3636 3927 3795 3989 imago

2223 3997 2299 4046 sic
2335 4005 2684 4060 attemperata
2715 3991 2956 4047 ascendit
2996 3993 3048 4045 in
3089 3994 3295 4046 ca-lum.
3333 3993 3590 4050 Videntes
3630 4005 3793 4049 autem

2224 4066 2446 4117 virtutes
2491 4079 2738 4131 magnum
2797 4063 2926 4116 illud
2980 4065 3330 4132 mysterium,
3384 4064 3654 4119 hominem
3700 4082 3792 4119 una

2225 4135 2603 4188 ascendentem
2649 4149 2770 4186 cum
2819 4135 2948 4199 Deo,
2983 4132 3145 4204 jussze
3173 4149 3293 4187 cum
3332 4137 3524 4203 gaudio
3565 4137 3796 4204 superuis

2225 4206 2547 4260 exercitibus
2577 4208 2942 4276 clamaverunt
2979 4220 2992 4254 :
3029 4202 3256 4257 Attollite
3295 4202 3485 4272 partas,
3527 4202 3792 4276 principes,

2225 4287 2435 4337 vestras,
2480 4284 2528 4326 et
2562 4275 2845 4337 elevamini,
2879 4285 3039 4342 portw
3064 4276 3344 4339 wternales,
3376 4287 3420 4328 et
3444 4278 3671 4330 introibit
3697 4277 3798 4330 Rex

2225 4347 2403 4416 gloria:
2435 4343 2605 4414 (Psnl.
2635 4345 2724 4398 23.
2761 4345 2938 4414 7-10).
2973 4346 3082 4399 Illa:
3121 4361 3248 4398 vero
3271 4362 3464 4400 novum
3492 4347 3796 4400 miraculum

2228 4418 2492 4478 videntes,
2526 4417 2792 4468 hominem
2823 4431 2942 4468 cum
2980 4417 3087 4470 Deo
3123 4417 3384 4482 junctum,
3434 4417 3671 4471 vicissim
3701 4418 3799 4470 cla-

2229 4497 2378 4541 mant
2401 4496 2452 4540 et
2481 4487 2661 4540 dicunt
2691 4504 2704 4540 :
2742 4487 2867 4551 Quis
2889 4496 2959 4539 est
2980 4490 3073 4540 iste
3091 4503 3181 4540 rex
3205 4487 3416 4556 gloriw?
3437 4488 3569 4540 Alia}
3595 4503 3794 4541 rursum

2230 4559 2571 4626 interrogata:
2613 4559 2973 4628 respondent:
3007 4557 3252 4609 Dominus
3293 4562 3549 4622 virtutum,
3591 4559 3697 4628 ipse
3732 4566 3800 4609 est

2229 4629 2342 4682 Rea:
2365 4628 2560 4698 gloriae,
2586 4627 2751 4695 fortis.
2783 4626 3014 4680 robustus
3037 4638 3080 4680 et
3113 4641 3288 4694 pomus
3311 4629 3369 4699 in,
3394 4629 3592 4694 prmlio.
3612 4626 3666 4682 '0
3694 4643 3802 4699 my-

2229 4701 2418 4753 sticam
2473 4699 2800 4767 largitatem!
2848 4714 2881 4750 ο
2918 4700 3245 4766 spiritualem
3294 4698 3802 4753 solemuitatemlo

2231 4769 2434 4823 l’ascha
2479 4767 2739 4831 divinum,
2789 4783 2818 4820 a
2865 4769 3001 4821 ca-lo
3044 4769 3373 4822 descendens
3407 4770 3456 4821 in
3492 4778 3709 4834 terram,
3751 4777 3800 4821 et

2231 4856 2442 4894 rursum
2474 4854 2503 4892 a
2537 4849 2678 4893 terra
2707 4839 3003 4892 ascendens
3034 4841 3085 4892 in
3133 4840 3356 4892 caelum!
3382 4855 3414 4891 ο
3460 4855 3656 4893 novum
3691 4841 3799 4893 uni-

2230 4925 2508 4964 versorum
2537 4911 2727 4962 festum
2755 4909 2767 4962 !
2798 4924 2829 4962 ο
2857 4911 3037 4962 mundi
3069 4911 3469 4964 celebritatem!
3500 4925 3532 4962 ο
3578 4909 3799 4963 universi

2229 4982 2501 5052 gaudium,
2559 4981 2749 5052 honor,
2800 4995 2939 5041 esca,
2991 4981 3480 5052 delici.e,rquibus
3526 4982 3798 5033 tenebrosa

2233 5051 2377 5106 mors
2423 5051 2680 5105 dissoluta
2728 5062 2829 5116 est,
2876 5052 2979 5103 vita
3025 5065 3201 5103 autem
3251 5051 3303 5103 in
3349 5065 3536 5104 oumes
3583 5061 3798 5103 extensa

2234 5122 2348 5185 luit,
2382 5133 2429 5176 et
2461 5131 2658 5191 aperta:
2701 5131 2821 5174 sunt
2851 5132 3020 5191 portae
3058 5121 3334 5183 caelorum,
3374 5131 3428 5174 et
3468 5121 3608 5175 Deus
3652 5121 3801 5191 homo

2232 5190 2508 5263 apparuit,
2530 5203 2586 5263 et
2614 5191 2775 5245 homo
2820 5190 2958 5245 Deus
2996 5192 3252 5253 ascendit,
3283 5207 3377 5260 per
3401 5207 3558 5258 quem
3595 5190 3797 5263 coulra-

2232 5260 2331 5320 cta:
2361 5273 2484 5316 sunt
2512 5262 2700 5317 inferni
2732 5271 2916 5330 portae,
2939 5273 2994 5315 et
3018 5264 3356 5315 adamantina
3384 5263 3613 5314 claustra
3639 5260 3803 5314 soluta

2234 5342 2375 5389 sunt.
2400 5336 2572 5401 Atque
2605 5336 2838 5386 infernus
2861 5332 3074 5400 quidem
3105 5335 3330 5400 populus
3359 5332 3591 5387 surrexit
3611 5346 3640 5384 a
3666 5347 3794 5383 mor-

2237 5406 2369 5465 tuis,
2413 5405 2736 5457 annuntians
2774 5405 3021 5472 supernis
3063 5403 3477 5471 plenitudtuibus
3509 5420 3522 5454 :
3555 5417 3626 5454 ex
3670 5412 3798 5454 terra

2237 5475 2472 5530 redditus
2501 5484 2583 5528 est
2625 5475 2848 5527 chorus!
2891 5473 2936 5528 0
2980 5475 3178 5527 Pascha
3220 5475 3494 5538 divinum,
3531 5472 3702 5525 Deum
3743 5472 3802 5522 de

2235 5548 2383 5600 (aclis
2412 5562 2514 5598 non
2548 5554 2770 5613 anguste
2799 5556 3063 5613 agentem,
3104 5560 3244 5598 nunc
3290 5545 3638 5611 spiritualiter
3661 5540 3800 5594 nobis

2235 5618 2585 5685 conjungens,
2623 5617 2774 5683 cujus
2801 5631 2960 5682 Opera
2992 5631 3214 5684 magnus
3243 5614 3334 5668 ille
3364 5615 3666 5685 nuptiarum
3696 5613 3802 5663 tha-

2238 5689 2407 5741 lamus
2449 5684 2699 5753 impletus
2743 5697 2843 5745 est,
2875 5701 3167 5754 omnesque
3213 5687 3488 5751 sponsales
3526 5684 3798 5754 stolasge-

2242 5769 2402 5824 stant,
2452 5757 2733 5827 nullusque
2781 5757 2989 5825 ejicitur
3038 5753 3179 5825 quod
3234 5772 3338 5809 non
3387 5756 3574 5809 habeat
3620 5753 3793 5807 stola!"
