4082 6400
272 355 377 414 759

274 483 401 529 sunt
425 512 441 533 ,
474 469 708 525 ﬁdeliter
744 462 1235 536 explicanda,_non_
1254 476 1321 517 ex
1351 474 1472 536 meo
1496 459 1739 536 arbitrio,
1766 459 1860 536 sed

275 562 339 601 ex
371 531 487 613 ἰρςο
516 556 697 596 rerum
725 531 936 593 ordine.
966 531 1301 613 Quodenim
1320 532 1724 613 aequinoctium,
1757 533 1865 613 pri-

274 602 429 685 muni
444 622 654 685 tempus
682 606 1051 679 praecesserit,
1093 604 1144 658 id
1176 618 1240 658 ex
1262 603 1368 685 Dei
1386 606 1658 656 creatione
1688 602 1863 682 palam

274 696 378 740 est.
410 684 646 740 Primum
680 694 908 747 namque
938 691 1180 731 mensem
1203 687 1613 747 quaerimusper
1635 688 1865 741 primum

277 766 486 824 tempus
510 771 522 805 :
558 753 787 824 primum
809 743 938 803 vero
966 757 1175 824 tempus
1202 744 1407 824 initium
1436 743 1629 824 habeat
1656 751 1869 824 oportet

276 842 307 879 a
341 813 508 895 prima
538 813 628 878 die
656 822 964 895 pariterque
1002 832 1031 870 a
1073 813 1242 895 prima
1272 823 1453 895 nocte:
1490 813 1701 869 Nullum
1723 815 1865 895 enim

277 884 425 950 aliud
476 884 685 948 initium
733 884 913 962 primo
955 884 1181 962 tempori
1224 885 1502 962 competit,
1531 899 1690 962 quam
1739 884 1866 962 iilud

277 966 419 1037 quod
439 965 649 1037 dictum
696 954 800 1017 est.
846 954 1143 1030 Oportebat
1185 956 1331 1037 euim
1378 957 1706 1037 creatiopem
1750 954 1866 1037 fieri

279 1025 404 1092 a'nte
428 1035 665 1090 futurum
693 1025 925 1102 tempus,
968 1039 1023 1102 et
1056 1043 1176 1102 cum
1203 1026 1318 1080 dies
1345 1036 1397 1081 et
1444 1043 1549 1102 nox
1582 1025 1870 1102 jamades-

280 1115 420 1171 Sent,
467 1108 675 1160 illarum
723 1096 1093 1159 exsistentiam
1140 1098 1248 1171 jam
1299 1097 1575 1166 aequaliter
1619 1096 1866 1171 deliniri;

278 1166 473 1231 deinde
500 1191 631 1230 vero
659 1181 898 1229 exrnotu
940 1170 1351 1238 Inaequalitatem
1395 1182 1706 1235 exsurgere.
1738 1166 1867 1222 Nam

279 1250 526 1303 simotus
584 1244 996 1314 intequalitatem
1054 1239 1363 1314 habuit,_in
1411 1240 1869 1314 creatione_opor-

281 1320 381 1373 tuit
426 1308 782 1386 aequalitatem
832 1308 1344 1386 demonstrari._ld_
1389 1317 1565 1386 autem
1601 1309 1776 1386 Avolo_
1802 1324 1870 1363 ex

281 1378 557 1457 Scriptura
596 1382 1005 1457 explicare_._iln
1032 1380 1332 1457 principioL
1333 1380 1503 1457 inquit
1522 1420 1538 1445 ,
1587 1380 1704 1449 fecit
1733 1378 1872 1433 Deus

281 1450 462 1514 (celum
503 1468 551 1511 et
603 1450 809 1512 terram.
862 1453 997 1508 Hinc
1034 1450 1241 1513 subdit,
1290 1450 1548 1505 Tenebrae
1597 1461 1770 1509 erant,
1820 1460 1874 1503 et

285 1532 378 1586 lux
418 1529 653 1584 nondum
694 1536 829 1582 erat.
865 1525 931 1578 Et
974 1523 1103 1577 dixit
1147 1521 1285 1576 Deus
1317 1536 1335 1575 :
1363 1519 1485 1574 Fiat
1515 1521 1640 1583 lux;
1668 1531 1714 1574 et
1735 1524 1875 1592 facta

284 1614 358 1656 est
400 1602 510 1654 lux.
562 1600 626 1653 Et
671 1599 839 1652 divisit
878 1596 1012 1649 Deus
1049 1595 1180 1648 inter
1221 1594 1383 1646 lucem
1424 1602 1472 1645 et
1519 1591 1784 1654 tenebras,
1825 1602 1873 1644 et

282 1673 476 1727 vocavit
506 1670 645 1724 Deus
689 1671 852 1725 lucem
903 1667 1056 1727 diem,
1104 1674 1151 1718 et
1197 1662 1424 1717 tenebras
1458 1665 1650 1717 vocavit
1681 1673 1874 1716 noctem

288 1743 439 1808 (Gen.
474 1744 499 1796 1
515 1780 527 1794 .
547 1742 684 1810 1-5).
712 1740 887 1794 Habes
905 1738 1127 1810 primam
1144 1734 1291 1810 diem
1314 1744 1368 1787 et
1390 1734 1613 1810 primam
1639 1743 1872 1789 noctem.

282 1805 421 1881 Quid
461 1805 655 1867 enim?
686 1809 956 1881 quomodo
1002 1805 1368 1881 divisitDeus
1408 1805 1547 1859 inter
1595 1805 1786 1881 lui-cur
1821 1815 1878 1860 ct

285 1876 426 1938 inter
465 1876 738 1944 tenebras,
783 1895 915 1951 quas
961 1877 1239 1951 constituit
1285 1890 1407 1951 esse
1440 1876 1701 1951 noctem?
1740 1876 1874 1951 Nam

286 1956 440 2018 illud,
473 1953 633 2017 Inter,
665 1945 815 2007 duos'
835 1951 979 2019 ponit
1028 1948 1307 2002 terminos.
1354 1945 1659 2019 Quiaenim
1696 1949 1874 2001 omnia

284 2042 404 2096 quae
430 2016 634 2080 creavit
676 2016 846 2086 Deus,‘
869 2019 1301 2096 in_determiua_ta
1329 2016 1535 2071 creavit
1569 2028 1779 2096 natura,
1798 2034 1874 2096 _ex

284 2089 633 2163 consequenti
662 2096 887 2164 primam
915 2092 1059 2147 diem
1088 2098 1143 2142 et
1170 2090 1394 2164 primam
1439 2096 1650 2164 noctem
1696 2089 1749 2164 in
1778 2089 1876 2143 de-

287 2159 571 2221 termiuata
613 2159 678 2220 eti
714 2165 926 2235 aequali“
950 2160 1447 2235 circumscriptione
1490 2159 1793 2235 produxit,_
1824 2171 1880 2214 et

287 2254 410 2292 cum
457 2229 1141 2300 mensuram'perfecisset,
1177 2231 1307 2285 vidit
1353 2229 1439 2282 illa
1468 2229 1671 2299 Optime
1695 2246 1755 2285 se
1780 2229 1877 2286 ba-

288 2310 433 2364 bere.
466 2307 688 2373 Deinde,
715 2315 772 2360 ut
796 2306 905 2375 jam
933 2303 1071 2375 dixi,
1103 2318 1169 2357 ex
1198 2310 1343 2355 motu
1363 2301 1879 2375 _permisi_t_in:equa-

287 2381 489 2434 liratem
520 2371 682 2434 oriri.
701 2378 755 2433 Si
780 2371 908 2446 ergo
936 2374 1137 2446 primus
1165 2383 1333 2446 status
1362 2371 1414 2425 in
1441 2371 1882 2446 aequaiitatecon-

288 2451 443 2515 stitit,
471 2442 1043 2520 :equinoctium'prirni
1077 2443 1336 2520 temporis
1384 2442 1706 2520 principium
1756 2444 1875 2520 iuit,

291 2531 348 2574 ut
370 2512 798 2575 demonstratum
826 2512 927 2573 est.
952 2516 1154 2570 Deinde
1186 2522 1305 2584 post
1342 2513 1720 2581 aequinOCtium
1754 2512 1775 2574 (
1794 2515 1881 2571 hic

289 2592 528 2645 animum
554 2591 772 2657 adhibe)
796 2595 984 2659 quarta
1004 2587 1092 2659 die
1127 2584 1184 2659 fit
1204 2583 1285 2659 sol
1315 2584 1543 2659 etduna.
1577 2584 1877 2659 {iiqualita-

290 2670 398 2715 tem
431 2653 983 2730 aequinoctii'faciuut
1025 2655 1334 2730 luminaria.
1375 2653 1537 2730 Scuta
1565 2653 1881 2730 die’format

292 2726 586 2795 hominem.
613 2748 678 2788 ac
701 2730 924 2799 septima
948 2728 1176 2799 quiescit
1211 2727 1278 2779 ab
1317 2726 1565 2799 omnibus
1602 2727 1876 2799 operibus.

290 2802 567 2873 Sequenti.
598 2818 716 2872 qua:
742 2795 826 2873 est
849 2795 1016 2873 prima
1041 2840 1056 2863 ,
1088 2798 1397 2873 universum
1442 2796 1552 2864 jam
1587 2795 1879 2873 perfecttuu

292 2868 398 2928 suo
422 2868 749 2927 ordine'ferri
778 2871 924 2925 sinit.
950 2870 1075 2923 Haec
1095 2868 1320 2923 observa
1337 2875 1392 2921 et
1408 2868 1665 2922 memoria
1684 2870 1879 2934 retine,

294 2952 354 2997 ut
379 2944 517 2998 dicta
547 2943 824 3011 explorare
854 2942 1042 3009 possis.
1076 2938 1164 2994 Sic
1189 2939 1331 3011 Deus
1349 2937 1619 3011 hominem
1640 2941 1782 3011 iecit,
1804 2949 1878 3007 et,

296 3025 353 3067 ut
379 3016 547 3068 bonus
567 3009 665 3076 est,
698 3013 856 3068 talem
879 3023 934 3066 et
951 3021 1153 3066 tantum
1184 3010 1307 3064 fecit
1324 3009 1614 3063 hominem.
1637 3010 1714 3065 Ne
1738 3011 1879 3066 enim

299 3086 612 3153 pravitatem
637 3086 775 3152 ejus,
808 3083 900 3137 sed
926 3084 1152 3153 primum
1198 3080 1315 3148 ejus
1354 3090 1551 3135 statum
1578 3083 1833 3150 re~picias
1864 3100 1877 3136 :

299 3152 420 3209 itam
451 3155 517 3209 ad
547 3156 828 3225 imaginem
858 3168 1008 3209 suam
1041 3152 1175 3225 fecit
1190 3153 1362 3225 illum.
1397 3153 1569 3221 Atque
1613 3164 1674 3225 ut
1698 3163 1881 3208 osten-

297 3227 447 3281 deret
476 3228 592 3296 ejus
622 3222 865 3280 naturam
897 3241 1018 3296 cum
1060 3223 1230 3296 stellis
1268 3232 1616 3296 concertare.
1643 3222 1883 3296 declarat

297 3298 471 3365 ipsum
500 3293 697 3353 nudum
726 3297 953 3365 positum
985 3294 1148 3349 fuisse
1178 3295 1230 3347 in
1260 3293 1527 3363 paradiso,
1552 3294 1744 3348 amictu
1775 3312 1881 3350 non

297 3380 542 3437 egentem
575 3386 589 3421 :
620 3369 853 3422 nondum
881 3367 1025 3421 enim
1063 3366 1526 3437 taletniaspectum
1559 3367 1880 3437 contumelia

300 3434 616 3505 fdedaverat,
647 3448 701 3493 ut
731 3447 1038 3506 tegumenta
1065 3452 1202 3505 opus
1224 3436 1447 3490 haberet
1471 3434 1652 3506 homo.
1686 3436 1881 3491 Verum

297 3509 569 3578 Scriptura
600 3505 930 3572 testificatur,
961 3509 1128 3562 Deum
1159 3506 1350 3578 fecisse
1376 3505 1672 3570 hominem,
1706 3519 1759 3561 et
1782 3523 1881 3576 po-

298 3577 473 3635 suisse
500 3581 651 3634 illum
693 3581 745 3635 in
787 3580 1067 3647 paradiso:
1101 3587 1262 3647 atque
1306 3577 1425 3630 illos
1475 3578 1645 3631 nudos
1694 3579 1879 3643 fuisse,

300 3666 400 3705 nec
414 3652 711 3707 erubuisse.
728 3649 833 3705 Sed
847 3649 1293 3718 quemadmodum
1315 3647 1394 3700 sol
1418 3656 1473 3701 et
1492 3649 1613 3702 luna
1645 3648 1882 3706 nuditate

299 3737 396 3775 sua
438 3722 724 3791 splendent
749 3731 803 3774 et
827 3731 1087 3791 ornantur
1115 3738 1128 3774 :
1161 3720 1240 3773 sic
1276 3730 1330 3773 et
1378 3719 1431 3773 hi
1479 3719 1726 3791 permissi
1755 3732 1883 3776 sunt

299 3807 399 3845 suo
425 3788 620 3847 decore
659 3792 959 3860 splendere.
992 3788 1124 3844 Cum
1166 3805 1295 3858 ergo
1327 3797 1530 3843 tantum
1570 3790 1642 3843 illi
1681 3788 1882 3846 benefl-

298 3864 442 3917 cium
466 3863 782 3917 contulisset
810 3862 985 3926 Deus,
1032 3861 1287 3929 illumque
1328 3860 1378 3912 in
1412 3860 1643 3930 paradisi
1677 3861 1883 3919 deliciis

298 3935 691 4000 constituisset,
726 3947 1054 3999 muneraque
1100 3946 1197 3985 sua
1239 3931 1309 3983 illi
1338 3930 1551 3985 abunde
1582 3930 1879 3999 tribuisset,

299 4019 516 4058 sensum
546 4008 613 4058 ab
638 4020 723 4066 eo,
757 4013 816 4056 ut
835 4004 1037 4071 justqu
1069 4010 1204 4064 erat,
1238 4002 1565 4073 requirebat,
1595 4002 1882 4073 docuitque

300 4073 451 4129 illum
496 4086 553 4128 ut
595 4075 895 4129 obedientia
937 4073 1164 4143 gratiam
1194 4071 1548 4143 rependeret.
1590 4072 1723 4138 Quia
1756 4071 1882 4129 vero

299 4145 453 4208 vidit,
484 4146 595 4199 fieri
629 4164 731 4200 non
763 4159 918 4214 posse
959 4154 1016 4198 ut
1056 4144 1146 4198 ille
1174 4142 1371 4196 donum
1389 4154 1659 4214 servaret,
1685 4145 1786 4199 nisi
1814 4147 1882 4202 ad

302 4216 469 4270 Deum
496 4215 733 4271 datorem
755 4213 1063 4283 Confugeret
1089 4215 1367 4286 ipsumque
1389 4213 1693 4277 honoraret,
1712 4216 1881 4286 legem

300 4286 378 4340 illi
412 4289 737 4356 praescripsit
763 4297 966 4339 naturae
991 4284 1266 4356 custodem
1289 4324 1321 4356 ,_
1353 4295 1505 4356 ut_ex
1544 4284 1800 4341 memoria
1828 4300 1884 4344 et

300 4353 789 4427 ope'legisla'toris,
836 4355 1169 4427 quasibonis
1213 4353 1533 4427 quibusdam
1563 4356 1884 4427 pharmacis

299 4425 655 4483 custodiretur
687 4446 699 4480 :
736 4425 1296 4494 immortalitate:inue
1339 4426 1461 4494 ipsi,
1487 4426 1530 4479 si
1563 4425 1731 4497 legem
1762 4443 1882 4482 ser-

298 4509 472 4563 varet,
519 4500 780 4567 promisit,
819 4508 1047 4552 mortem
1084 4512 1213 4551 vero
1258 4498 1489 4550 minatus
1516 4505 1598 4551 cst
1629 4501 1881 4567 praevari-

300 4572 463 4623 cauti.
494 4569 598 4626 Sed
646 4570 730 4625 his
774 4572 845 4624 ita
872 4569 1056 4638 gestis,
1106 4568 1190 4620 illa
1244 4567 1555 4622 acciderunt
1594 4583 1714 4637 qua:
1758 4581 1881 4625 uota

301 4651 429 4694 sunt
475 4659 487 4694 :
533 4642 727 4696 invidia
775 4642 971 4710 quippe
1025 4638 1570 4710 diabolidsuadenter
1606 4650 1663 4693 ut
1712 4640 1882 4710 legem

303 4713 769 4782 transgrederetur
793 4707 975 4782 hoino,
1005 4708 1366 4782 corruptibilis
1386 4716 1471 4763 est
1496 4707 1717 4764 eﬂ‘ectus
1732 4750 1747 4776 ,
1768 4707 1881 4782 'eji-

301 4779 544 4852 citurque
570 4791 721 4837 extra
745 4781 1051 4852 paradisum
1082 4797 1097 4833 :
1130 4795 1193 4835 ac
1218 4779 1474 4852 deinceps
1490 4791 1689 4852 auctus
1710 4779 1881 4851 prole,

301 4850 577 4908 brutorum
609 4850 769 4906 vitam
817 4851 985 4915 duxit,
1034 4860 1194 4920 atque
1241 4850 1528 4918 impietatis
1557 4861 1612 4905 et
1653 4850 1884 4909 laScivite

299 4926 696 4992 receptaculum
730 4925 898 4977 factus
941 4929 1040 4975 est.
1094 4921 1326 4992 Ideoque
1369 4920 1642 4990 propheta:
1680 4924 1882 4979 clama-

300 4993 446 5057 bant,
480 4994 547 5049 de
575 4993 716 5048 illius
747 4994 917 5062 prisca
944 4992 1221 5062 dignitate,
1263 5002 1319 5047 et
1358 4992 1426 5048 de
1462 5003 1732 5063 postrema
1775 5006 1886 5049 tur-

301 5065 542 5134 pitudine
574 5083 587 5119 :
622 5064 787 5118 [Ionio
817 5081 929 5116 cum
967 5064 1021 5117 in
1047 5064 1235 5116 honore
1274 5074 1433 5130 esset,
1464 5080 1564 5117 non
1590 5065 1836 5120 intellexit
1864 5081 1883 5120 :

309 5146 622 5209 temperatur
649 5146 721 5209 est
738 5135 983 5209 iumentis
1012 5135 1360 5209 insipientibus
1378 5177 1393 5201 ,
1431 5143 1476 5189 et
1516 5136 1696 5209 similis
1723 5139 1886 5209 factus

297 5215 373 5277 est
398 5206 544 5277 illis(
579 5205 724 5260 Psal.
748 5207 837 5261 48.
872 5206 940 5261 15
968 5206 1008 5274 ).
1041 5205 1165 5259 Haec
1190 5221 1311 5259 cum
1339 5205 1406 5277 ita
1438 5219 1497 5260 se
1526 5205 1805 5270 haberent,
1832 5216 1887 5261 et

299 5276 543 5331 humana
562 5288 819 5346 pereunte
847 5284 1059 5339 natura,
1091 5277 1276 5330 volens
1315 5276 1623 5344 unigenitus
1663 5277 1757 5332 Dei
1796 5277 1887 5331 Fi-

299 5347 406 5418 lius
432 5364 551 5403 cum
567 5358 790 5418 paterno
819 5347 1013 5418 placito
1034 5347 1304 5400 hominem
1330 5348 1605 5408 reducere,
1628 5347 1886 5415 illumque

299 5418 371 5472 ab
397 5417 738 5489 impendente
785 5417 987 5473 ultione
1028 5418 1258 5486 eripere,
1307 5427 1516 5484 tempus
1567 5427 1623 5471 et
1666 5419 1885 5473 modum

299 5489 486 5543 auxilii
514 5491 810 5560 excogitat;
842 5503 1074 5556 tempus,
1103 5498 1158 5541 ut
1185 5499 1483 5560 Opportune
1521 5490 1587 5542 ad
1618 5490 1883 5544 medelam

300 5560 475 5631 adsit;
508 5558 746 5627 modum,
774 5561 868 5631 qui
911 5560 999 5631 ad_
1026 5558 1358 5631 purgandum
1404 5568 1458 5631 et
1494 5561 1883 5615 restituendum

304 5630 452 5684 illum
482 5642 626 5687 esset
672 5628 913 5687 idoneus.
960 5629 1155 5683 Factus
1203 5629 1361 5698 igitur
1404 5628 1589 5697 homo,
1638 5631 1886 5700 Deusque

304 5717 548 5767 manens,
576 5717 671 5771 pro
697 5711 809 5757 toto
839 5700 1038 5756 uiuudo
1070 5713 1257 5768 passus
1286 5700 1475 5771 cstiDe
1506 5701 1607 5755 hoc
1637 5717 1781 5770 same
1799 5717 1883 5755 sa-

302 5774 508 5827 criticio
533 5770 783 5840 loquutus
808 5789 946 5826 sum.
980 5771 1141 5825 Multa
1170 5786 1341 5840 nuper
1368 5770 1631 5835 dicebam,
1656 5788 1722 5825 ex
1749 5772 1884 5841 ipsis

304 5842 502 5923 .Iudais
528 5844 754 5899 adducta
778 5854 960 5897 contra
988 5842 1224 5905 Judzeos,
1249 5851 1304 5897 et
1353 5858 1413 5898 ex
1444 5843 1728 5913 gentilibus
1754 5857 1881 5900 con-

638 5935 905 5997 PA'I‘ROL.
954 5938 1074 6000 Gn.
1123 5940 1251 6001 LIX

1652 343 1716 399 IN
1755 343 2020 400 PASCIIA
2063 342 2178 403 Vll.

3449 345 3555 400 750

1970 474 2052 517 tra
2080 459 2311 532 gentiles
2330 468 2641 529 argumenta
2667 461 2961 526 sumendo;
2986 474 3040 519 et
3066 464 3204 521 hanc
3230 480 3413 522 necem
3440 465 3557 519 da:-

1967 547 2155 607 rnouas
2177 532 2435 587 avertisse
2448 541 2502 587 et
2528 532 2858 607 profligasse,
2879 550 3084 607 necnon
3106 539 3338 607 pericula
3364 537 3526 591 etiam
3541 580 3553 597 .

1968 603 2152 658 hostes
2191 610 2248 658 et
2272 618 2488 657 onmem
2535 604 2915 670 turpitudinem
2968 603 3228 673 eiecisse,
3277 623 3343 662 ex
3391 607 3553 661 rebus

1968 674 2099 742 ipsis
2135 673 2527 746 demonstravi;
2571 688 2745 746 neque
2792 674 2933 730 ultra
2980 688 3164 731 contra
3213 678 3335 733 illos
3377 692 3558 746 agam.

1971 760 2038 799 ne
2069 744 2357 812 proposita:
2386 744 2460 815 rei
2489 745 2684 799 seriem
2716 745 3072 814 interpellem.
3105 748 3238 802 Cum
3271 744 3433 803 vellet
3460 749 3555 815 igi-

1972 824 2059 889 tur
2083 814 2589 889 unigenitusFilius
2637 815 2727 869 Dei
2781 818 3232 873 resurrectionem
3262 820 3411 889 lapso
3456 814 3555 870 ho-

1972 885 2345 958 mini_largiri,
2377 884 2630 958 illumque
2650 901 2949 958 renovare.
2995 898 3050 943 et
3082 884 3331 958 passione
3377 903 3470 944 sua
3506 888 3556 941 in

1974 956 2252 1022 pristinum
2285 955 2500 1029 modum
2533 956 2838 1029 restituere,
2892 958 3019 1029 vide
3040 955 3166 1029 quid
3188 960 3393 1015 fecerit.
3423 959 3557 1026 Quia

1973 1028 2087 1092 ipse
2111 1035 2228 1080 erat
2258 1027 2412 1099 primi
2443 1027 2675 1080 hominis
2699 1026 2942 1099 creator,
2978 1026 3095 1097 ejus
3114 1032 3274 1085 etiam
3301 1031 3434 1099 lapsi
3465 1045 3559 1084 re-

1973 1108 2239 1152 staurator
2287 1097 2495 1151 futurus
2523 1108 2659 1162 erat,
2688 1098 2754 1151 ad
2784 1099 3211 1156 emendationem
3256 1097 3417 1156 totius
3469 1117 3563 1155 ua-

1974 1179 2105 1222 turze
2139 1184 2153 1221 :
2186 1182 2307 1222 sese
2330 1167 2545 1237 quidem
2570 1169 2807 1235 passioni
2847 1169 3031 1233 offert.
3064 1180 3233 1227 totum
3262 1187 3393 1227 vero
3420 1182 3554 1226 tem-

1976 1255 2072 1307 pus
2112 1239 2305 1308 accipit
2345 1237 2417 1311 ad
2464 1241 2890 1311 renovationem,
2936 1242 3078 1311 quod
3119 1243 3184 1296 ad
3232 1244 3558 1297 creationem

1974 1320 2282 1384 acceperat,
2307 1309 2514 1384 tttjinis
2541 1311 2805 1384 principio
2834 1309 3229 1384 consentaneus
3256 1325 3557 1384 appareret,

1972 1389 2029 1433 et
2053 1379 2243 1434 modus
2272 1380 2324 1456 in
2349 1378 2603 1456 creatore
2636 1380 2776 1456 idem
2799 1392 2961 1456 esset.
2990 1383 3214 1439 Volebat
3241 1378 3406 1450 enim,
3434 1378 3559 1456 quia

1974 1459 2185 1524 tempus
2207 1452 2552 1524 purissimum
2586 1453 2637 1505 in
2671 1452 2989 1508 formatione
3021 1456 3179 1524 primi
3212 1452 3567 1509 hominis'de-

1975 1520 2206 1602 legerat;
2232 1521 2333 1576 hoc
2356 1531 2719 1602 vero_tempu_s
2748 1525 3003 1590 pollutum
3024 1520 3202 1602 fuerat
3227 1541 3323 1595 per
3348 1541 3556 1602 praera-

1974 1594 2313 1655 ricationem,
2339 1607 2460 1647 cum
2492 1594 2608 1666 ipso
2633 1595 2794 1648 etiam
2836 1594 3249 1664 praevaricatore
3267 1637 3282 1660 ,
3312 1605 3365 1651 et
3394 1598 3567 1666 pollu-

1976 1672 2091 1717 tum
2141 1676 2375 1737 sequens
2428 1664 2685 1737 saeculum
2739 1666 3050 1737 apparebat,
3107 1668 3279 1736 ipsum
3333 1664 3559 1737 primum

1976 1745 2187 1802 tempus
2236 1735 2289 1789 in
2354 1736 2695 1804 reparatione
2741 1736 2973 1791 hominis
3007 1735 3419 1803 assumere;_ut
3443 1752 3564 1792 cum

1978 1805 2096 1874 ipso
2123 1805 2339 1879 homine
2366 1822 2464 1874 per
2494 1808 2861 1875 purgationem
2885 1823 2950 1879 ex
2972 1810 3221 1879 passione
3252 1819 3453 1877 partam
3479 1825 3564 1861 se-

1977 1891 2147 1948 quens
2177 1876 2434 1948 saeculum
2484 1894 2513 1929 a
2562 1879 2737 1947 Capite
2782 1876 2992 1946 purius—
3016 1876 3324 1943 exhiberet;
3375 1894 3481 1948 quo
3509 1880 3561 1933 in

1980 1947 2167 2001 eadem
2200 1946 2313 2016 ipsa
2344 1962 2404 2001 re
2429 1948 2607 2001 omnia
2634 1946 2967 2014 'osteoderet,
2997 1958 3053 2003 et
3075 1949 3307 2005 hominis
3332 1946 3565 2005 renova-

1980 2018 2206 2084 tionem,
2238 2028 2292 2073 et
2322 2018 2504 2072 szeculi
2535 2018 2821 2088 puritatem
2866 2030 2921 2073 et
2947 2030 3311 2088 reparatorem
3345 2021 3569 2075 Creato-

1978 2103 2201 2162 remque
2255 2098 2458 2143 natum
2497 2104 2567 2144 ex
2614 2089 2743 2159 ipsis
2773 2099 3075 2160 temporum
3124 2091 3382 2162 symbolis
3424 2091 3570 2147 clare

1979 2158 2396 2214 demonstraret.

2052 2231 2104 2285 5.
2146 2231 2297 2298 Quod
2348 2238 2442 2302 est,
2475 2231 2875 2302 ergoiprimum
2916 2231 3172 2302 tempus?
3217 2231 3359 2302 quod
3409 2242 3569 2302 caput

1981 2302 2138 2370 primi
2164 2301 2449 2371 temporis?
2477 2300 2901 2370 Aﬁquiiioctium,
2924 2300 3111 2366 frater,
3137 2311 3194 2356 ut
3212 2300 3567 2362 ostendimus.

1981 2387 2103 2426 cum
2130 2372 2246 2426 dies
2270 2382 2324 2427 et
2352 2382 2558 2433 noctes,
2596 2373 2828 2442 :rquales
2858 2374 3125 2428 sectiones
3153 2374 3568 2442 exquisivimns;

1982 2452 2037 2497 et
2078 2444 2455 2513 mquinoctium
2501 2458 2725 2497 vernum
2763 2462 2775 2496 :
2809 2454 3018 2513 tempus
3059 2445 3203 2498 enim
3234 2460 3459 2498 vernum
3487 2456 3574 2499 est

1983 2530 2048 2567 ex
2080 2513 2319 2569 historian
2349 2514 2509 2567 serie.
2561 2513 2752 2569 Narrat
2792 2516 2990 2584 quippe
3021 2515 3262 2584 Moyses,
3297 2515 3453 2570 tertia
3483 2515 3574 2571 die

1977 2584 2206 2653 jussisse
2235 2585 2402 2640 Deum
2424 2584 2583 2638 ﬂores
2609 2595 2663 2637 et
2687 2586 2907 2640 arbores
2938 2594 2994 2640 et
3019 2585 3227 2655 plantas
3258 2586 3393 2640 ﬁeri.
3422 2586 3575 2640 Vel-is

1986 2658 2099 2710 lure
2118 2656 2380 2727 symbola,
2410 2670 2641 2710 consona
2673 2664 2796 2710 sunt
2812 2657 2934 2720 arti,
2954 2658 3053 2709 viae
3069 2666 3122 2711 et
3136 2656 3308 2711 ordini
3329 2658 3421 2713 Dei
3443 2672 3575 2712 cun-

1984 2737 2067 2781 cta
2079 2726 2329 2798 creantis.
2349 2726 2479 2794 Quia
2493 2742 2621 2795 ergo
2634 2730 2802 2795 prima
2819 2730 3020 2781 creatio
3039 2727 3273 2798 hominis
3286 2739 3403 2798 post
3416 2730 3575 2798 inqui-

1985 2798 2219 2852 noctium
2241 2796 2375 2851 facta
2392 2806 2508 2872 est,
2528 2807 2673 2872 sexta
2701 2799 3002 2872 :equinoctii
3024 2799 3110 2872 die
3137 2796 3299 2872 (nam
3331 2800 3383 2853 in
3413 2796 3574 2872 Dara-

1984 2883 2144 2951 sceve
2155 2880 2367 2924 creatus
2381 2878 2462 2921 est
2482 2866 2690 2940 homo),
2715 2866 2838 2952 lupa
2857 2884 2984 2952 vero
3013 2866 3164 2937 plena
3198 2878 3317 2952 post
3330 2871 3574 2952 aequino-

1984 2941 2149 2994 ctium
2184 2950 2361 2994 creata
2389 2949 2471 2992 est
2505 2952 2692 3008 quarta
2735 2941 2842 3006 die,
2888 2940 3177 3010 lapsusque
3209 2940 3439 2996 hominis
3478 2957 3574 3010 per

1985 3020 2263 3081 peccatum
2288 3010 2650 3065 acciditzideo
2666 3011 3097 3066 emendationem
3127 3011 3241 3080 ejus
3267 3025 3321 3066 et
3351 3027 3574 3081 renova-

1988 3080 2223 3147 tionem,
2266 3091 2505 3150 tempore
2542 3098 2573 3133 a
2613 3082 2886 3137 creatione
2917 3082 3034 3150 ejus
3067 3082 3287 3137 delinito
3328 3080 3575 3149 a'SSumit,

1985 3152 2359 3222 aequinoctium
2387 3163 2440 3205 et
2468 3151 2731 3207 decimam
2758 3162 3003 3222 quartam
3036 3163 3156 3222 post
3172 3155 3573 3223 aequinoctium,

1987 3224 2236 3292 diemque
2262 3234 2465 3277 sextam
2492 3223 2651 3278 simul
2674 3224 2990 3290 conferens;
3017 3234 3081 3278 ut
3100 3225 3183 3279 his
3203 3225 3450 3279 omnibus
3472 3235 3576 3277 sta-

1989 3296 2113 3349 tutis
2142 3294 2472 3363 temporibns
2491 3335 2507 3357 ,
2534 3296 2652 3362 ejus
2678 3296 2769 3363 qui
2798 3309 2986 3363 passus
3011 3303 3095 3349 est
3124 3296 3572 3350 resurrectionem

1986 3366 2325 3421 ostenderet.
2361 3374 2521 3434 atque
2550 3377 2755 3419 natura:
2786 3366 3188 3420 reuovationem
3220 3374 3274 3420 et
3305 3374 3575 3419 restaura-

1988 3436 2374 3525 iioneiii.Jltleo
2404 3437 2691 3525 Apostjolus
2736 3436 2874 3525 hanc
2914 3438 3356 3519 restaurationem
3396 3451 3424 3487 a
3467 3436 3577 3489 Deo

1987 3507 2181 3562 factam
2210 3507 2517 3571 declarans,
2550 3507 2766 3561 dicebat
2795 3524 2807 3577 ς
2837 3505 2905 3560 ⁸1η
2934 3508 3072 3560 omni
3107 3507 3356 3577 sapientia
3381 3516 3428 3559 et
3456 3524 3579 3574 prn-

1986 3578 2157 3631 dentia
2186 3594 2203 3631 :
2231 3587 2286 3629 ut
2311 3589 2483 3629 notum
2512 3581 2697 3647 faceret
2724 3576 2866 3630 nobis
2904 3576 3579 3631 sacramentumvoluntatis

1986 3666 2112 3712 sute,
2140 3649 2412 3701 secundant
2436 3648 2801 3720 beneplucitum
2823 3649 2953 3717 ejus,
2979 3648 3113 3714 quod
3137 3649 3399 3720 proposuit
3422 3649 3476 3701 in
3496 3664 3574 3712 eo,

1985 3722 2038 3773 in
2064 3720 2486 3789 dispensationem
2511 3719 2838 3788 plenitudinis
2858 3719 3145 3785 temporum
3163 3721 3449 3789 instaurare
3469 3735 3576 3772 om-

1985 3793 2072 3844 nia
2093 3787 2384 3854 iaC/triste,
2402 3787 2517 3859 qua:
2534 3792 2586 3843 in
2607 3790 2765 3853 cwlis,
2786 3800 2830 3842 et
2851 3805 2964 3857 qua:
2987 3792 3041 3842 in
3061 3801 3194 3844 terra
3217 3800 3333 3846 sunt
3356 3787 3576 3858 (Ep/ws.

1988 3864 2040 3918 1.
2074 3861 2259 3933 8-10).
2304 3861 2497 3926 Vides,
2541 3860 2810 3933 quomodo
2866 3861 3308 3933 restaurationem
3348 3875 3573 3933 eorum,

1987 3949 2106 4003 qua:
2136 3930 2261 3987 sunt
2290 3933 2340 3985 in
2373 3940 2546 3995 terra,
2578 3932 2720 3986 dicat
2749 3947 2851 3984 una
2879 3946 3002 3985 cum
3031 3932 3372 3987 caelestibus?
3401 3930 3575 4000 Lapsu

1987 4002 2441 4059 autem'hominis
2487 4002 2788 4067 incidente,
2826 4010 2882 4056 et
2922 4004 3261 4071 separatione
3304 4016 3335 4056 a
3385 4003 3580 4071 pietate

1986 4076 2277 4130 caelestium
2305 4073 2615 4144 angelorum
2636 4114 2650 4138 ,
2677 4073 2900 4144 cupiens
2928 4088 3026 4126 nos
3056 4090 3153 4142 per
3182 4075 3482 4143 passionem
3510 4073 3575 4125 ad

1991 4148 2125 4200 hanc
2156 4143 2413 4201 unitatem
2454 4144 2708 4198 reducere
2732 4184 2747 4214 ,
2779 4143 2906 4212 quid
2935 4144 3074 4198 aliud
3106 4155 3386 4213 Operatur,
3417 4159 3575 4214 quam

1988 4217 2430 4271 restaurationem
2452 4213 2749 4269 bonorum?
2774 4214 3006 4286 Ideoque
3029 4225 3267 4286 tempora
3290 4213 3579 4271 creationis

1988 4288 2055 4342 ad
2095 4286 2485 4357 reparationem
2523 4287 2746 4340 assumit
2780 4305 2791 4338 :
2825 4300 2889 4339 ac
2931 4288 3243 4357 mysterium
3274 4286 3575 4357 inaximum

1987 4358 2175 4413 audire
2210 4357 2431 4427 poteris.
2457 4356 2592 4424 Quia
2620 4358 2760 4412 enim
2791 4356 2908 4412 hzec
2936 4356 3174 4425 tempora
3201 4356 3422 4413 difficile
3449 4373 3582 4411 cou-

1988 4444 2206 4483 currere
2238 4436 2461 4497 possunt
2488 4427 2781 4481 secundum
2821 4429 3055 4496 priorem
3086 4428 3302 4483 modum
3336 4428 3387 4482 in
3417 4443 3578 4483 unam

1988 4511 2043 4553 et
2067 4500 2309 4554 eamdem
2340 4498 2726 4552 hebdomadam
2757 4499 2777 4567 (
2798 4500 3105 4553 consideres
3146 4500 3303 4554 velini
3345 4500 3576 4568 priorem

1989 4570 2134 4624 illam
2174 4569 2559 4624 hebdomadam
2586 4610 2600 4629 ,
2635 4570 2686 4621 in
2716 4570 2988 4624 creatione
3014 4569 3137 4625 dico
3157 4612 3171 4634 ,
3201 4571 3578 4638 a-quinoctium

1989 4643 2042 4696 in
2070 4640 2335 4712 principio
2358 4640 2411 4693 in
2440 4654 2499 4694 se
2526 4639 2796 4712 habuisse,
2822 4640 3122 4709 deindeque
3146 4651 3332 4710 quarta
3355 4640 3443 4694 die
3469 4642 3581 4712 ple-

1988 4709 2113 4767 nam
2140 4709 2353 4775 lunam,
2384 4721 2440 4766 et
2467 4711 2625 4779 paulo
2658 4719 2775 4778 post
2801 4721 3005 4764 sextam
3034 4709 3207 4777 diem,
3239 4712 3292 4764 in
3332 4726 3434 4780 qua
3463 4709 3576 4763 for-

1988 4791 2166 4837 matus
2194 4792 2276 4836 est
2303 4782 2464 4836 homo
2492 4799 2505 4834 :
2535 4782 2622 4834 illa
2655 4795 2784 4835 vero
2812 4796 2916 4835 non
2948 4792 3169 4848 possunt
3201 4796 3415 4850 semper
3440 4795 3575 4835 cou-

1992 4854 2195 4923 tingere
2244 4853 2295 4906 in
2348 4866 2450 4906 una
2497 4853 2791 4923 eademque
2836 4852 3211 4923 hebdomada)
3248 4852 3413 4921 :quia
3449 4867 3580 4919 ergo

1989 4921 2205 4978 difficile
2232 4932 2367 4984 erat,
2400 4931 2473 4986 ut,
2507 4921 2952 4991 quemadmodum
2994 4921 3047 4977 in
3085 4921 3256 4993 prima
3285 4924 3575 4989 creatione,

1991 4995 2074 5049 hae
2101 5008 2286 5063 omnes
2326 5003 2624 5061 temporum
2670 4993 2908 5048 rationes
2942 4995 2993 5047 in
3036 5010 3197 5048 unum
3228 5003 3576 5063 cogerentur,

1992 5071 2180 5119 horum
2211 5062 2385 5120 tamen
2406 5078 2670 5118 concursu
2696 5063 2762 5117 ad
2792 5064 3052 5133 paSsionis
3077 5062 3428 5121 (Bconomiatn
3455 5064 3581 5119 Ser-

1991 5150 2144 5189 vator
2169 5152 2297 5190 usus
2326 5144 2426 5196 est,
2453 5145 2509 5188 ut
2539 5134 2863 5205 propositam
2889 5138 3333 5205 restaurationem
3356 5134 3579 5190 exhibe-

1990 5218 2090 5261 ret.
2126 5206 2355 5277 ldeoque
2389 5220 2509 5260 cum
2546 5204 2689 5277 stepe
2716 5221 2745 5277 a
2774 5207 2973 5261 Judtnis
3011 5208 3264 5277 qua-situs
3306 5204 3495 5261 fuisset
3523 5217 3583 5260 ut

1993 5275 2401 5341 interficeretur,
2426 5275 2567 5346 quod
2591 5276 2824 5347 iteradum
2847 5275 3141 5333 concursus
3164 5277 3253 5333 ille
3277 5286 3579 5347 temporum

1991 5348 2294 5411 accideret,
2326 5347 2550 5417 aufugit.
2596 5346 2752 5417 Legis
2781 5349 2979 5417 quippe
3021 5349 3071 5401 in
3109 5346 3450 5417 Evangeliis,
3484 5364 3580 5401 vo-

1992 5420 2157 5475 luisse
2196 5419 2411 5474 Judzros
2451 5419 2598 5473 illum
2636 5418 3128 5487 comprehendere,
3155 5420 3248 5472 sed
3286 5419 3459 5487 ipsum
3489 5434 3581 5472 re-

1990 5492 2259 5557 cessisse;
2292 5490 2410 5544 illos
2448 5504 2607 5557 vero,
2638 5490 2727 5559 qui
2774 5490 3087 5559 mysterium
3130 5490 3476 5558 ignorabant,
3511 5505 3578 5542 cx

1993 5570 2139 5616 metu
2167 5560 2364 5615 factum
2397 5558 2682 5629 potavisse.
2716 5558 2841 5614 Non
2863 5569 2981 5615 erat
3017 5569 3198 5616 autem
3239 5568 3415 5613 metus
3440 5600 3452 5617 .
3482 5560 3577 5614 sed

1991 5646 2285 5686 concursus
2327 5642 2625 5700 temporum
2666 5631 2989 5685 observatio.
3032 5633 3165 5685 Cum
3210 5645 3370 5699 porro
3415 5629 3455 5683 F
3460 5629 3583 5684 ilius

1995 5702 2085 5754 Dei
2119 5712 2418 5771 temporum
2462 5712 2617 5755 notas
2649 5702 2986 5772 collegisset,
3019 5717 3140 5756 cum
3185 5700 3578 5757 hebdomadam

1990 5772 2133 5825 hanc
2162 5774 2227 5826 ad
2261 5774 2401 5826 illam
2442 5773 2732 5828 creationis
2771 5775 3173 5840 concinnasset,
3213 5782 3376 5843 angue
3409 5772 3582 5842 aequi-

1994 5843 2253 5911 noctium,
2274 5844 2486 5915 plenam
2517 5845 2694 5901 lunam
2721 5852 2775 5900 et
2802 5844 3154 5911 Parasccvcn,
3177 5845 3230 5898 in
3258 5858 3362 5915 qua
3386 5858 3586 5914 passu-

3146 5946 3220 6007 Η
