4082 6400
552 339 649 395 751

549 475 641 518 rus
663 471 712 515 et
742 460 1143 516 renovationcm
1170 460 1406 514 facturus
1430 468 1567 524 erat,
1593 472 1919 514 concurrere
1942 455 2135 527 depre-

550 534 822 587 hendisset
842 574 857 595 ,
891 542 1016 586 tunc
1048 547 1168 585 sese
1194 532 1259 585 ad
1299 532 1606 598 patiendum
1637 530 1872 585 tradidit.
1904 529 2137 583 Elevatis

548 613 728 660 autem
758 604 927 657 oculis
959 604 1009 655 iu
1037 603 1247 662 caelum.
1278 603 1409 657 dixit
1440 621 1453 655 :
1489 600 1660 665 Pater,
1689 602 1823 655 venit
1849 601 1994 659 hora,
2028 602 2141 654 cla-

544 675 693 738 riﬁca
721 674 912 729 Filium
943 685 1103 733 tuum.
1129 686 1182 727 ut
1209 685 1255 728 et
1284 674 1449 729 Filius
1480 683 1594 726 tuus
1618 673 1860 741 clari/icet
1882 681 1928 723 te
1952 670 2129 740 (Joan.

550 746 641 817 17.
674 748 726 817 l)
756 762 771 801 :
799 755 853 800 et
881 745 1158 817 discipulis
1183 746 1295 817 suis
1326 763 1338 798 :
1380 744 1523 817 Venit
1552 745 1678 797 hora
1698 784 1715 808 ,
1746 754 1800 817 ut
1829 743 2136 817 clay-ilicetur

553 814 722 888 filius
751 818 970 869 hominis
993 818 1009 883 (
1035 816 1059 869 Ι
1070 817 1173 870 bid.
1203 816 1290 872 ιε.
1321 816 1447 888 25).
1479 815 1569 870 Sic
1598 814 2134 888 curavitunigenitus

546 887 715 941 Filius
744 889 856 953 Dei,
884 890 1063 942 omnia
1093 887 1183 942 illa
1212 888 1388 956 priora
1408 885 1685 954 tempora.
1711 885 1906 954 quibus
1936 886 2134 956 forma-

552 971 636 1014 tus
663 959 823 1012 homo
853 960 1030 1026 lapsus
1054 967 1156 1021 est,
1182 955 1484 1013 coadunare
1504 958 1569 1011 ad
1597 959 1712 1026 ejus
1740 955 2130 1026 reparationem

548 1040 603 1082 et
623 1030 969 1099 apostolicam
996 1032 1398 1084 renovationem
1428 1042 1633 1083 natura:
1662 1027 1861 1088 subire.
1896 1042 1962 1081 eo
1989 1026 2129 1099 quod

546 1098 672 1155 huic
694 1101 773 1155 rei
800 1102 1135 1156 necessarius
1159 1112 1303 1156 esset
1330 1110 1630 1169 temporum
1659 1113 1974 1154 concursus.
2008 1098 2132 1152 Ideo

548 1174 597 1227 in
626 1174 875 1241 passione
904 1174 1313 1240 tequinoctinm,
1340 1181 1398 1225 ut
1427 1182 1585 1241 caput
1618 1171 1872 1239 temporis
1892 1212 1905 1232 ,
1941 1169 2130 1223 obser-

541 1254 720 1298 vatur.
751 1242 882 1296 Nam
922 1252 1047 1299 ante
1091 1243 1217 1297 illud
1254 1244 1630 1313 aequinoctium
1652 1283 1666 1305 ,
1699 1253 1984 1311 antequam
2014 1241 2132 1295 dies

540 1324 706 1384 esset.
738 1314 973 1368 tenebrat
997 1323 1150 1369 erant
1173 1334 1187 1370 :
1213 1330 1387 1382 neque
1411 1314 1625 1384 (lignum
1652 1313 1743 1367 illo
1768 1313 1953 1367 fuisset
1982 1320 2129 1366 tene-

544 1383 759 1437 brarum
787 1395 1026 1453 tempore
1053 1386 1183 1455 pati,
1206 1396 1260 1440 et
1285 1383 1491 1455 lapsum
1517 1400 1789 1454 reparare,
1814 1385 1935 1454 quia
1959 1398 2131 1455 neque

545 1456 749 1524 primus
778 1456 938 1510 homo
965 1458 1015 1510 in
1050 1453 1310 1515 tenebris.
1339 1453 1433 1510 sed
1462 1464 1581 1526 post
1611 1455 1783 1511 lucem
1808 1453 1892 1510 est
1914 1453 2088 1526 editus
2112 1470 2126 1519 ;

545 1535 665 1597 post
683 1527 1057 1595 tequinoctium
1080 1537 1259 1582 autem
1277 1527 1393 1582 dies
1408 1524 1655 1597 superior
1670 1537 1752 1583 est
1774 1536 1948 1580 nocte.
1967 1524 2132 1594 Opor-

545 1596 688 1651 tebat
723 1612 851 1663 ergo
898 1601 1197 1666 passionem
1219 1642 1233 1662 ,
1266 1596 1603 1653 reStaurandi
1629 1613 1787 1652 causa
1820 1598 2044 1663 factam,
2076 1598 2128 1652 in

544 1668 632 1739 tali
657 1682 922 1723 concursu
949 1671 1208 1731 exhiberi,
1236 1685 1342 1738 quo
1368 1670 1454 1724 lux
1486 1671 1697 1738 pietatis
1722 1671 1962 1739 augenda
1988 1677 2125 1734 erat,

540 1737 669 1811 dum
701 1740 937 1811 tenebrat
977 1737 1265 1811 impietatis
1307 1737 1695 1795 minuerentur.
1736 1737 1840 1797 Sed
1887 1741 2127 1810 aequino-

540 1810 705 1863 ctium
732 1810 786 1864 in
818 1810 1066 1881 passione
1094 1813 1434 1867 observatum
1462 1821 1546 1867 est
1573 1811 1642 1865 ob
1682 1814 2125 1867 restaurationem

544 1881 699 1954 primi
730 1883 1019 1954 temporis;
1052 1891 1105 1937 et
1134 1884 1426 1937 Paraseeve
1456 1884 1732 1948 similiter,
1770 1886 1891 1954 quia
1925 1886 2128 1954 primus

542 1951 703 2006 homo
731 1953 818 2024 illa
845 1954 931 2009 die
959 1953 1215 2008 formatus
1239 1966 1321 2009 est
1346 1976 1359 2010 :
1383 1954 1660 2023 oportebat
1691 1951 1800 2024 qua
1818 1956 1903 2009 die
1926 1951 2127 2010 l'orma-

541 2032 627 2075 tus
663 2023 963 2088 ceciderat,
997 2026 1182 2079 eadem
1223 2026 1516 2080 emendari.
1564 2023 1853 2080 Sabbatum
1894 2042 2020 2080 vero
2058 2026 2124 2080 ad

539 2094 770 2161 quietem
799 2095 1109 2162 deputatum
1137 2097 1267 2151 dicit
1296 2098 1566 2164 Scriptura
1602 2099 1682 2151 his
1705 2099 1880 2152 verbis
1908 2117 1919 2150 :
1946 2098 2012 2151 Et
2042 2113 2124 2151 re-

533 2164 891 2239 quievit_Deus
922 2167 985 2220 ab
1014 2168 1242 2239 omnibus
1278 2168 1510 2239 operibus
1545 2170 1649 2222 suis
1684 2170 1765 2222 die
1801 2170 2012 2239 septimo
2033 2213 2047 2235 ,
2081 2177 2126 2222 et

538 2235 869 2303 sanctiﬁcavit
899 2239 1043 2292 illum
1070 2244 1085 2307 (
1110 2238 1237 2293 Gen.
1267 2235 1321 2293 2.
1348 2241 1403 2294 2.
1432 2239 1520 2309 5).
1552 2239 1641 2294 Sic
1668 2256 1796 2305 ergo
1826 2235 2081 2296 Dominus
2106 2282 2120 2301 ,

540 2310 926 2363 restauratione
971 2310 1138 2365 semel
1186 2312 1358 2373 facta.
1408 2322 1687 2381 postquam
1734 2313 1785 2365 in
1832 2312 2125 2367 Parascm'e

534 2390 729 2444 passus
752 2420 766 2441 ,
799 2383 977 2434 oiniiia
1003 2396 1163 2447 opera
1205 2385 1269 2436 ad
1312 2383 1700 2451 reparationem
1732 2383 1962 2437 hominis
1990 2384 2121 2452 lapsi

536 2460 1002 2526 consummasset,
1032 2454 1117 2507 die
1144 2453 1377 2526 septima
1415 2454 1699 2523 requiescit
1722 2463 1823 2526 ,qet
1858 2464 2040 2526 manet
2072 2456 2120 2508 in

538 2520 704 2573 eorde
744 2530 935 2587 terrm,
970 2524 1032 2578 iis
1065 2525 1152 2587 ιιιιί
1196 2520 1379 2579 inferis
1408 2520 1561 2580 erant
1592 2520 1886 2580 libertatem
1916 2525 2122 2580 donans

539 2590 786 2672 passione
810 2590 1132 2672 partamin
1162 2596 1731 2672 Dominusrequiescit
1752 2612 1893 2651 nunc
1915 2596 1983 2651 ab
2008 2612 2124 2672 om-

541 2661 699 2739 nibus
726 2666 1000 2739 Operibus.
1033 2666 1165 2739 Quia
1208 2667 1383 2737 lapsus
1426 2661 1655 2722 hominis
1693 2683 1759 2723 ex
1800 2669 2121 2738 prmvarica-

539 2737 686 2809 tiope
724 2737 1012 2809 appar-uiti
1036 2738 1303 2792 residuum
1343 2754 1477 2808 opus
1520 2739 1628 2794 Deo
1656 2748 1771 2794 erat
1794 2780 1810 2806 ,
1836 2756 1944 2809 quo
1973 2740 2119 2794 ilhun

534 2800 835 2878 reduceret.
865 2804 1015 2872 Quod
1047 2824 1170 2862 cum
1202 2811 1252 2861 in
1287 2800 1534 2878 passione
1562 2800 1809 2875 fecisset,
1850 2800 1905 2865 et
1945 2811 2121 2865 homi-

537 2876 791 2956 nem_qu_i
820 2876 1436 2956 perieratnrenova'sset,
1478 2880 1565 2934 die
1602 2881 1809 2956 sabbati
1856 2882 2121 2951 paschalis

536 2948 798 3011 requievit
826 2948 894 3001 ab
919 2949 1168 3003 omnibus
1193 2952 1444 3019 operibus
1463 2994 1477 3017 ,
1506 2966 1627 3007 cum
1658 2948 1872 3008 nullum
1894 2962 2122 3009 restaret

535 3027 670 3080 opus
711 3020 973 3086 agendum
1019 3020 1085 3074 ad
1131 3025 1495 3091 operationem
1542 3025 1732 3079 salutis
1775 3036 1992 3079 uosme.
2033 3025 2123 3080 Sic

535 3092 712 3138 autem
751 3098 805 3140 et
839 3091 1249 3156 :equinoctium,
1291 3103 1345 3147 et
1385 3096 1713 3150 Parasoeveu
1750 3106 1803 3149 et
1830 3094 2118 3151 Sabbatum

536 3156 831 3211 secundum
879 3163 1104 3227 priscam
1144 3165 1336 3220 seriem
1372 3165 1698 3232 observans,
1731 3182 1834 3221 una
1864 3169 2118 3221 sabbato-

535 3239 653 3307 rum
674 3232 1081 3308 resurrectionis
1101 3235 1279 3290 lumen
1306 3237 1562 3303 ostendit,
1591 3237 1749 3307 idque
1771 3253 1835 3292 ex
1864 3239 2119 3308 temporis

534 3296 695 3379 serie.
726 3296 853 3355 llarc
881 3305 1020 3357 enim
1053 3321 1267 3379 rursum
1303 3317 1420 3379 erat
1461 3296 1628 3376 prima
1657 3296 1833 3362 omnis
1864 3296 2120 3379 temporis

534 3368 670 3431 dies,
694 3386 851 3451 quam
879 3383 934 3427 et
961 3385 1093 3451 tunc
1111 3378 1379 3451 sensibilis
1405 3368 1660 3449 temporis
1686 3380 1880 3444 lucem,
1904 3368 2120 3434 ex'con-

535 3448 781 3522 sequenti
806 3448 1260 3522 nuncfpiritualis
1280 3465 1390 3505 sua:
1413 3448 1836 3512 resurrectionis,
1856 3451 1965 3522 jam
1988 3453 2116 3507 olim

534 3516 903 3591 Constituerat.
942 3516 1247 3591 Cumivero
1296 3521 1409 3575 haec
1446 3522 1625 3575 omnia
1668 3516 2030 3578 observaverit
2066 3524 2117 3576 in

534 3587 703 3664 prima
734 3587 1026 3664 creatione,
1058 3590 1269 3664 plenam
1296 3593 1501 3648 scilicet
1526 3593 1703 3647 lunam
1738 3604 1858 3663 post
1884 3596 2122 3664 aequino—

530 3658 735 3732 ctium,
777 3665 835 3710 ut
870 3658 1132 3732 diximus;
1165 3662 1289 3716 hine
1315 3664 1455 3718 aliud
1500 3658 1815 3720 miraculum
1843 3658 2117 3732 exsurgit,

532 3729 687 3803 cujus
720 3741 879 3781 causa
922 3729 971 3803 id
1012 3732 1353 3788 observatum
1391 3745 1493 3790 est.
1534 3736 1668 3803 Quia
1703 3738 1845 3790 enim
1882 3729 2119 3792 tenebrat

534 3791 724 3848 futura:
762 3810 914 3872 erant
947 3801 996 3853 in
1028 3806 1273 3870 passione
1313 3791 1613 3860 Servatoris
1633 3848 1647 3872 ,
1680 3807 1850 3862 Grceci
1881 3823 2009 3863 vero
2035 3791 2117 3862 dié

531 3872 660 3917 cunt
687 3868 903 3950 eti-lima
936 3868 1125 3950 salitus
1154 3886 1418 3950 currente,
1444 3878 1572 3950 solis
1607 3868 1833 3948 eclipscs
1871 3878 2019 3941 ﬁeri;
2053 3895 2120 3935 ne

530 3951 650 4020 quis
672 3941 1192 4020 religiouettt_G_r:eca
1220 3956 1335 4001 arte
1357 3949 1679 4013 adoriretur,
1703 3941 1908 4003 decima
1932 3961 2118 4020 quarta

532 4006 656 4090 iuna
683 4006 1101 4090 assumpta__t‘uit,
1134 4027 1189 4070 ut
1217 4034 1337 4073 cum
1368 4020 1459 4074 illa
1488 4006 1707 4073 omnino
1743 4022 1917 4090 plena,
1949 4006 1998 4075 et
2033 4037 2121 4075 so-

534 4075 600 4158 lis
625 4081 803 4158 cursui
839 4075 903 4136 e'x
935 4075 1197 4158 diametro
1226 4093 1468 4158 opposita
1496 4099 1612 4146 orta
1651 4075 1840 4156 fuerit,
1886 4075 2118 4147 miracu-

532 4146 639 4233 ium
672 4152 817 4233 milio
838 4155 997 4209 modo
1025 4146 1519 4233 possetohscurari,
1549 4178 1672 4216 cum
1699 4146 1971 4217 haec'tami
1994 4146 2118 4219 sce-

530 4218 659 4273 leris
682 4222 814 4302 uitio
833 4238 953 4280 esse
975 4218 1148 4304 pa_|am
1176 4231 1465 4304 videretur,
1489 4218 1662 4304 neque
1685 4233 1750 4288 ad
1778 4245 1948 4290 artem
1974 4218 2116 4290 illam

534 4299 736 4370 recurri
778 4305 995 4374 posset_.__
1020 4299 1245 4369 Propter
1282 4303 1396 4357 haec
1426 4299 1602 4358 omnia
1631 4304 1878 4360 Christus
1909 4307 1960 4360 in
1992 4323 2115 4374 pas-

529 4368 917 4447 sinue‘veteres
945 4368 1060 4423 illas
1082 4380 1381 4441 temporum
1408 4385 1563 4429 notas
1588 4378 1820 4430 servavit
1848 4395 1862 4432 :
1891 4368 2118 4447 ideoque

532 4446 632 4517 nps
658 4437 816 4517 etiam
845 4437 965 4492 illas
992 4437 1290 4517 servamus,
1321 4456 1371 4499 ut
1403 4447 1750 4502 ostendamus
1772 4457 1825 4500 et
1849 4437 2121 4504 imitemur

534 4501 620 4588 illa
651 4507 871 4588 mystica
902 4524 1089 4588 sensa.
1112 4515 1216 4588 Sed
1243 4501 1487 4588 Christus
1522 4501 1718 4571 verum
1737 4501 2119 4588 paschacele;

533 4572 721 4659 Ρῗθηβέ
746 4586 804 4658 _ut
827 4594 1016 4636 omnes
1043 4586 1110 4639 ab
1144 4586 1485 4656 impendente
1512 4589 1714 4643 ultione
1742 4572 1951 4655 iiberet,
1974 4572 2117 4659 iure,

532 4654 715 4731 utpote
744 4654 1033 4731 ill.Ve_l'0_e_l
1075 4654 1290 4731 proprio
1330 4659 1616 4731 Paschate,
1647 4662 1825 4714 omnia
1866 4654 2118 4730 przedicta

532 4722 771 4802 tempora
801 4722 851 4773 in
886 4722 1218 4802 hebdomada
1250 4729 1470 4802 antiquo
1499 4746 1650 4786 more
1678 4722 1914 4802 collegit,
1950 4743 2007 4786 ut
2034 4750 2120 4788 re-

530 4794 914 4845 staurationem
940 4796 1237 4865 perﬁceret.
1262 4794 1542 4867 Nos'vero,
1567 4802 1687 4871 quia
1714 4794 1963 4870 praedicta
1988 4814 2121 4859 tem-

531 4872 659 4939 pora
688 4874 1041 4939 nonpossunt
1070 4883 1284 4939 semper
1303 4886 1646 4938 concurrere,
1673 4874 1738 4928 ad
1768 4874 2117 4931 imitationem

530 4932 642 5015 ﬁeri
673 4932 957 5002 paschatis,
990 4932 1245 5015 quantum
1288 4956 1589 5010 possumus,
1618 4932 1859 5015 tempora
1889 4947 1977 5000 illa
2005 4948 2120 5002 col-

534 4997 784 5083 ligiiﬁllS,
823 4997 1126 5083 accuratam
1169 4997 1311 5065 illam
1349 4997 2119 5083 temporumcdnstitutionein

533 5079 819 5197 protoltlypo
872 5075 1117 5158 Pasehati
1178 5075 1480 5138 Servatoris
1532 5086 1909 5143 concedentes.
1963 5088 2121 5143 Certe

533 5156 651 5193 CIII"
726 5157 990 5197 ulgemlus
1018 5155 1181 5197 semel
1214 5157 1515 5197 intlnnlnlnc
1542 5160 1605 5197 cit
1657 5168 1704 5197 nl
1736 5158 1786 5197 iri
1816 5160 1879 5197 ml
1904 5174 2120 5197 mnnnn-

530 5156 651 5222 cum
679 5155 1181 5228 Utugeuitussemel
1214 5157 1515 5228 immolatus
1542 5160 1631 5222 sit,
1657 5168 1711 5211 et
1736 5158 1788 5212 id
1814 5160 1879 5212 ad
1904 5174 2120 5214 (lacuno-

533 5218 694 5296 iniam
721 5219 851 5296 satis
876 5218 1068 5296 fuerit;
1102 5224 1212 5292 jam
1254 5227 1430 5280 nullus
1470 5218 1629 5281 homo
1664 5228 1997 5292 immolatur,
2024 5231 2118 5285 sed

530 5286 789 5341 Servatur
817 5292 868 5344 in
914 5286 1159 5369 passione
1186 5339 1198 5360 ,
1228 5299 1291 5369 ad
1316 5299 1534 5369 .proprii
1579 5300 1827 5354 sacriﬁcii
1864 5286 2119 5355 imitatio-

529 5370 676 5442 nem,
711 5371 901 5442 panem
930 5372 985 5418 et
1008 5367 1228 5442 calicem
1255 5368 1366 5442 dat_,
1393 5367 1502 5424 tum
1534 5385 1751 5442 corpus,
1776 5372 1885 5424 tum
1909 5375 2119 5441 sangu-

533 5440 654 5512 inem
691 5437 902 5512 arcanis
944 5437 1251 5512 nominibus
1289 5440 1550 5505 oll'ereus,
1590 5441 1893 5512 jubensque
1929 5444 1980 5496 iu
2016 5437 2121 5497 hac

532 5496 704 5551 forma
735 5498 935 5556 Pascha
968 5505 1165 5564 facere.

536 5640 547 5650 .
698 5570 846 5653 Hanc
896 5591 1183 5653 sequentes
1230 5581 1581 5636 imitationem
1610 5624 1624 5647 ,
1676 5592 1914 5653 tempora
1959 5586 2118 5638 etiam

536 5642 799 5724 imitando
838 5642 1140 5724 colligimus
1165 5693 1179 5715 ,
1225 5662 1480 5721 quantum
1515 5642 1804 5723 possumus
1825 5695 1840 5721 ,
1885 5658 2121 5724 :cquino-

532 5720 699 5793 ctiuin
728 5729 962 5793 nempe_,
996 5720 1259 5777 decimam
1288 5720 1534 5793 quartani
1574 5724 1754 5778 lunam
1798 5735 1852 5777 et
1880 5720 2117 5779 triduum

530 5784 878 5863 colligentes}
911 5790 1174 5846 decimam
1200 5784 1443 5863 quartam
1462 5810 1527 5849 ex
1555 5796 1875 5851 necessitate
1906 5796 1956 5850 in
1986 5796 2114 5851 heb-

534 5852 782 5923 domada,
815 5852 872 5915 ut
910 5877 1027 5918 mos
1065 5852 1319 5936 antiquus
1353 5866 1529 5934 docet,
1552 5876 1607 5924 et
1642 5867 1828 5937 ipsum
1852 5868 2124 5937 triduum;

2042 328 2312 391 SPUBIA.
2342 374 2345 375 ν

3730 352 3831 410 759.

2241 457 2621 540 tequinoctiuiu
2638 475 2773 540 vero
2817 462 2964 540 circa
3003 472 3214 535 tempus
3242 466 3507 540 iPaschze,
3553 483 3660 540 quo
3701 487 3828 527 can-

2239 530 2507 605 venimus.
2561 533 2812 589 Salvator
2842 536 3055 605 quidem
3100 530 3190 605 (pii
3240 539 3440 594 Pascha
3489 530 3829 600 verissimum

2239 598 2504 679 exhibuit,
2528 605 2668 672 quod
2698 598 2963 661 averteret
2991 598 3316 678 impudentia
3336 612 3494 673 mala,
3516 598 3825 676 daemonas;

2240 668 2619 747 idololatriain,
2652 684 2707 730 et
2728 692 2941 731 omnem
2974 668 3265 746 peruiciem
3290 723 3305 747 ,
3333 668 3553 736 liberam
3586 668 3826 739 naturain

2241 752 2483 798 nostram
2510 745 2576 821 ad
2605 747 2951 821 beatitudinis
2977 745 3317 819 adeptionem
3340 751 3536 807 eﬁ‘ecit.
3565 753 3825 821 Quoniam

2241 826 2371 893 vero
2416 816 2575 893 morti
2621 827 2675 872 et
2706 820 3041 893 temporibus
3060 816 3171 893 illis
3203 823 3479 891 proximus
3524 816 3820 893 praecpit,

2240 891 2300 965 ut
2326 899 2422 937 nos
2449 886 2675 965 id_i_psu_m
2702 886 3039 965 imitaremur
3058 892 3110 945 in
3140 886 3402 962 symbolis
3429 896 3497 948 ab
3519 886 3635 965 ipso
3660 886 3822 961 datis,

2239 953 2423 1036 dicens
2442 974 2455 1011 :
2482 953 2594 1036 Hoc
2610 961 2761 1036 facite
2774 962 2826 1013 in
2843 977 3005 1036 meum
3018 953 3713 1036 commemorationem.(Luc.
3731 953 3821 1023 22.

2241 1023 2363 1105 i9);
2391 1026 2512 1109 jure
2541 1023 2764 1101 singulis
2789 1033 2941 1109 annis
2970 1044 3089 1102 post
3110 1036 3485 1103 aequinoctium
3516 1023 3820 1109 id‘agimus,

2240 1104 2293 1177 in
2319 1104 2555 1177 omnium
2574 1111 2814 1177 nostrum
2833 1104 3078 1167 salutem,
3110 1114 3167 1158 ut
3185 1116 3487 1161 avertamus
3512 1104 3821 1177 impenden-

2241 1170 2310 1219 tia
2340 1170 2498 1244 mala,
2522 1180 2578 1244 et
2600 1174 2830 1228 czclestis
2870 1177 3056 1241 gratia:
3098 1186 3374 1230 consortes
3398 1170 3602 1244 simus,
3618 1179 3783 1235 Serva
3799 1212 3822 1222 -

2239 1245 2412 1314 torem
2458 1241 2731 1297 imitantes
2777 1244 2980 1299 Pascha
3030 1246 3338 1314 perﬁeimus
3382 1262 3502 1303 cum
3535 1241 3718 1305 lzetitia
3757 1261 3813 1306 et

2240 1310 2471 1375 publice.
2526 1314 2636 1368 Hac
2669 1314 2737 1369 de
2763 1330 2921 1370 causa
2954 1310 3333 1371 haereticorum
3365 1334 3572 1374 necnon
3598 1321 3817 1375 Judzeo‘

2238 1395 2354 1432 rum
2386 1382 2735 1460 ignorantiam
2766 1388 2906 1460 circa
2947 1387 3165 1460 Pascha:
3196 1390 3503 1460 mysterium
3533 1393 3817 1459 exuimus;

2236 1463 2554 1531 semperque
2582 1457 2646 1531 ad
2678 1458 2805 1511 illud
2833 1459 3154 1513 assumimus
3183 1457 3579 1530 aequinoctium,
3606 1457 3815 1531 qu:rri¥

2239 1536 2461 1601 musque
2522 1526 2784 1601 decimam
2824 1538 3077 1601 quartam
3117 1526 3398 1600 quae—post
3436 1526 3816 1601 aaquinoetium

2235 1595 2448 1660 accidit,
2466 1606 2525 1672 et
2548 1613 2650 1672 una
2681 1595 3030 1672 Paraseeven,
3057 1595 3345 1655 Sabbattim
3373 1613 3428 1656 et
3458 1595 3813 1672 Dominicam,

2235 1681 2355 1742 quin
2388 1682 2421 1742 _a
2466 1668 2696 1742 Domino
2737 1671 2825 1742 sic,
2857 1671 3178 1739 appellatur,
3234 1683 3292 1725 ut
3315 1688 3458 1742 saepe
3483 1674 3681 1729 dictum
3708 1668 3813 1740 est,

2235 1737 2355 1811 quia
2386 1737 2513 1811 ipse
2530 1739 2789 1811 Dominus
2813 1737 3186 1810 hzec‘tempora
3213 1737 3533 1811 observavit,
3559 1756 3613 1799 ut
3634 1737 3817 1801 ostch

2234 1807 2389 1882 deret
2407 1810 2640 1882 _:ruigma
2672 1810 2795 1880 agni
2826 1814 2912 1882 qui
2942 1807 3232 1867 secundum
3266 1814 3435 1882 legem
3468 1807 3530 1869 int
3552 1815 3817 1873 Paschate

2237 1879 2633 1951 immolabatur,
2662 1879 2961 1951 opportune
2989 1884 3263 1939 inductum
3289 1879 3471 1940 fuisse.
3510 1887 3639 1941 Vide
3662 1903 3812 1941 nam—

2234 1965 2360 2019 que,
2394 1950 2576 2017 l‘rater,
2605 1950 2765 2022 quam
2796 1956 3096 2008 necessaria
3129 1971 3215 2010 res
3245 1956 3343 2010 fuit
3366 1957 3430 2010 ad
3454 1959 3693 2012 veritatis
3712 1959 3813 2013 de—

2236 2024 2703 2099 monstrationem.
2746 2024 3147 2099 JussitMoyscs
3170 2028 3347 2099 primo
3385 2044 3586 2099 mense,
3618 2041 3808 2099 quarta

2233 2092 2440 2167 decima
2482 2094 2624 2167 luna,
2670 2110 2864 2164 agnum
2918 2092 3205 2163 immolari,
3246 2113 3403 2167 quem
3437 2092 3657 2167 ﬁguram
3687 2115 3809 2155 esse

2232 2163 2533 2237 servatoris
2560 2167 2833 2234 prophetae
2862 2168 3165 2223 clamabant
3192 2187 3205 2221 :
3235 2163 3399 2236 quare
3424 2163 3809 2237 comparabant

2234 2234 2380 2288 illum
2409 2236 2710 2304 Servatori,
2758 2252 2809 2291 et
2855 2238 3105 2294 dicebant
3133 2256 3145 2291 :
3177 2234 3335 2304 Quasi
3360 2242 3465 2295 ovis
3495 2234 3564 2293 ad
3589 2243 3800 2295 occisia

2232 2321 2345 2358 nem
2374 2307 2683 2381 ductusﬂest,
2717 2318 2763 2361 et
2790 2312 2935 2381 quasi
2963 2327 3126 2381 agnus
3163 2327 3332 2364 coram
3359 2315 3595 2366 tondente
3621 2329 3677 2365 se
3702 2313 3811 2366 sine

2230 2392 2355 2453 uoce
2378 2377 2530 2453 (Isoi.
2561 2380 2649 2453 5'5.
2674 2381 2753 2453 _7).
2784 2379 2965 2453 Lipare
2989 2377 3098 2453 ejus
3121 2397 3210 2435 nos
3235 2384 3399 2435 sanati
3421 2399 3597 2436 sumus
3647 2383 3806 2453 (Ibid.

2230 2464 2277 2500 υ.
2309 2450 2381 2517 5).
2436 2450 2560 2504 Ideo
2600 2450 2783 2505 videns
2825 2452 2974 2506 illum
3008 2450 3311 2519 prmcursor
3334 2453 3568 2507 Joannes
3606 2450 3809 2509 clama-

2230 2519 2385 2596 irati
2402 2520 2533 2596 Ecce
2553 2521 2856 2596 agnus‘Dei,
2879 2524 2965 2592 qui
2987 2523 3115 2576 tollit
3139 2535 3396 2592 peccatum
3425 2524 3601 2577 mundi
3626 2524 3805 2596 (Joatt.

2231 2592 2284 2644 1.
2321 2590 2437 2659 ‘29).
2499 2590 2631 2659 Quia
2666 2593 2823 2662 igitur
2847 2590 3186 2662 consequens
3212 2606 3347 2661 crat,
3380 2606 3501 2662 post
3529 2590 3645 2649 rem
3666 2596 3811 2651 clare

2228 2674 2455 2730 gestam,
2477 2678 2688 2733 cessare
2714 2664 2956 2733 ﬁguram,
2988 2681 3101 2718 non
3123 2665 3263 2719 aliud
3291 2666 3568 2719 deﬁnitum
3602 2677 3809 2733 tempus

2229 2735 2453 2801 expetiit
2493 2732 2767 2797 Christus,
2808 2750 2967 2805 quam
2993 2735 3113 2805 agni
3147 2737 3545 2797 mactationem,
3579 2747 3635 2790 ut
3663 2732 3809 2791 aliud

2228 2805 2347 2872 ejus
2375 2805 2493 2859 loco
2522 2806 2737 2878 allatum
2755 2806 3080 2861 ostenderet.
3102 2806 3225 2861 Ideo
3252 2810 3426 2861 omnia
3453 2808 3657 2878 colligit
3681 2816 3808 2861 tem-

2228 2890 2393 2944 pora,
2439 2885 2497 2930 ut
2533 2876 2663 2937 dixi,
2709 2886 2763 2930 et
2802 2878 3073 2931 concurrit
3113 2893 3231 2932 cum
3277 2878 3570 2933 Parasceve
3589 2876 3807 2933 decima

2227 2954 2417 3016 quarta
2447 2947 2570 3001 luna
2604 2965 2617 3000 :
2654 2947 2876 3018 legeque
2902 2949 3242 3019 praecipiente
3282 2958 3402 3018 post
3440 2964 3718 3019 vesperam
3752 2965 3806 3003 et

2230 3020 2371 3089 inter
2412 3019 2743 3087 veSpertinas
2779 3020 2939 3073 horas
2963 3018 3194 3089 iugulari
3222 3035 3440 3088 agnum,
3480 3018 3547 3075 et,
3569 3020 3713 3074 diem
3755 3030 3809 3075 et

2229 3088 2418 3144 horam
2449 3090 2736 3144 occisionis
2763 3100 2941 3145 servat
2962 3093 3206 3144 SaIVator
3227 3108 3241 3145 :
3260 3090 3428 3155 diem,
3450 3091 3805 3157 Parasceveu,

2229 3161 2405 3229 inqua
2431 3172 2644 3215 creatus
2660 3170 2742 3216 est
2761 3161 2941 3226 homo;
2972 3162 3154 3215 horam
3182 3176 3310 3215 vero
3339 3177 3566 3225 nonam;
3598 3164 3805 3216 etcirca

2229 3232 2373 3285 illam
2412 3231 2600 3285 horam
2647 3246 2842 3286 nonam
2877 3233 2928 3287 in
2976 3247 3136 3287 cruce
3174 3234 3483 3301 exspiravit.
3516 3232 3807 3301 Vesperam

2226 3304 2369 3357 enim
2396 3303 2681 3372 aiseptima
2709 3302 2837 3357 hora
2868 3303 2989 3358 duci
3020 3303 3203 3357 dicunt
3234 3313 3354 3371 post
3394 3313 3634 3367 sextam;
3677 3305 3810 3358 illud

2227 3375 2393 3437 enim,
2427 3371 2571 3427 Inter
2595 3374 2877 3445 vespertina
2901 3375 3042 3445 (Lev.
3070 3374 3159 3429 23.
3191 3374 3271 3444 5),
3301 3377 3344 3428 si
3369 3390 3397 3428 a
3427 3377 3653 3444 septima
3676 3376 3815 3430 inci-

2230 3447 2423 3514 piatur,
2450 3455 2690 3500 centrum
2724 3444 3013 3514 perlectum
3042 3445 3257 3501 habebit
3283 3461 3499 3507 nonam,
3525 3448 3578 3501 in
3603 3462 3706 3515 qua
3729 3446 3814 3499 di-

2226 3526 2357 3570 cunt
2386 3518 2655 3586 sapientes
2686 3516 2894 3571 Hebrzei
2924 3531 3116 3585 agnum
3145 3518 3387 3571 mactari.
3416 3518 3471 3571 ln
3502 3518 3603 3571 hac
3631 3519 3814 3585 itaque

2229 3587 2361 3641 hora
2404 3587 2739 3642 mactationis
2782 3588 2905 3658 agni
2952 3588 3004 3640 iu
3054 3587 3348 3642 Parasceve
3374 3588 3655 3652 Servator,
3685 3602 3809 3642 cum

2227 3659 2461 3714 reddidit
2488 3659 2756 3728 spiritum,
2788 3659 2907 3713 loco
2931 3658 3228 3727 teuigmatis
3256 3659 3531 3712 veritatem
3575 3658 3809 3721 induxit,

2226 3740 2282 3784 et
2326 3731 2768 3784 restaurationem
2807 3745 2904 3799 per
2947 3739 3248 3799 temporum
3296 3739 3616 3783 concentum
3662 3729 3811 3783 clare

2228 3800 2375 3856 fecit.
2409 3802 2473 3855 Et
2500 3810 2604 3854 tam
2633 3801 2929 3855 necessaria
2954 3798 3051 3853 init
3077 3799 3167 3853 illa
3190 3799 3445 3863 inductio,
3470 3800 3597 3853 utin
3621 3800 3811 3853 solem-

2229 3874 2396 3925 nitate
2436 3873 2654 3926 Paschaa
2681 3886 2790 3942 non
2821 3872 3091 3942 potuerint
3118 3870 3289 3942 Judaai
3309 3872 3374 3942 in
3398 3872 3515 3925 festi
3547 3870 3810 3942 honorem

2229 3944 2405 3997 scelus
2433 3943 2563 3997 illud
2594 3941 2832 4005 differre,
2872 3942 3013 4011 quod
3041 3949 3191 3996 certe
3233 3941 3322 3995 alii
3364 3942 3657 4004 iecissent;
3714 3941 3808 3995 sed

2228 4015 2395 4068 semel
2423 4014 2491 4068 ad
2514 4012 2716 4067 caadem
2741 4023 2931 4083 sponte
2953 4014 3240 4074 inhiantes,
3265 4011 3521 4079 judicium
3545 4011 3807 4074 habuere,

2227 4084 2372 4155 quod
2404 4085 2624 4153 impetui
2652 4098 2756 4155 suo,
2778 4084 3153 4155 Opitularetur,
3182 4098 3281 4155 nec
3319 4085 3536 4138 reveriti
3561 4093 3710 4155 sunt,
3752 4093 3813 4136 ut

2230 4152 2601 4236 ihductioiiila
2638 4155 2718 4236 (in
2748 4152 2867 4236 loco
2894 4153 3048 4236 agni).
3068 4152 3812 4236 manifestaretur..Servatur

2228 4238 2407 4282 autem
2456 4227 2552 4281 tibi
2593 4223 2730 4280 ratio
2774 4223 3073 4295 plenilunii,
3123 4225 3267 4294 quod
3307 4225 3361 4278 in
3406 4225 3659 4294 passione
3690 4223 3807 4276 l'uit.

2227 4300 2361 4367 Quia
2389 4298 2532 4353 enim
2558 4297 2637 4351 sol
2668 4297 2738 4351 ob
2764 4306 2967 4350 tantum
3012 4308 3198 4351 contra
3244 4295 3586 4367 Servatorem
3628 4295 3813 4349 scelus

2227 4365 2595 4425 obscurandus
2621 4378 2735 4423 erat
2763 4383 2792 4421 a
2824 4376 2972 4422 sexta
2998 4383 3163 4436 usque
3192 4367 3257 4420 ad
3286 4381 3479 4420 nonam
3509 4365 3719 4428 horam,
3749 4376 3813 4418 ut

2228 4441 2406 4497 radios
2422 4441 2572 4511 quasi
2603 4440 2792 4493 oculos
2812 4453 2937 4493 suos
2961 4447 3247 4511 averteret,
3279 4453 3347 4492 ne
3370 4436 3574 4511 videret
3599 4444 3811 4491 tantum

2228 4508 2454 4577 facinus,
2501 4512 2656 4581 plena
2698 4511 2821 4564 luna
2857 4511 2909 4563 in
2944 4510 3189 4581 passione
3213 4508 3568 4562 determinata
3589 4516 3695 4581 est,
3742 4522 3813 4560 ne

2228 4580 2513 4638 crederent
2546 4581 2717 4637 Grzeci
2761 4580 2891 4634 solis
2920 4580 3161 4648 eclipsim
3189 4594 3283 4648 per
3303 4594 3625 4634 concursum
3663 4580 3811 4631 luna:

2229 4655 2424 4710 factum
2452 4653 2635 4708 fuisse.
2683 4652 2789 4707 Sed
2830 4666 2949 4721 cum
2980 4651 3093 4721 ipsa
3122 4659 3324 4704 tautnm
3352 4650 3579 4704 distaret
3600 4664 3629 4703 a
3662 4649 3810 4721 soie,

2228 4726 2590 4782 necessarium
2613 4733 2695 4778 est
2712 4720 2977 4784 conﬁteri,
3001 4719 3072 4775 ab
3096 4735 3164 4775 eo
3190 4722 3276 4790 qui
3304 4736 3494 4789 passus
3522 4728 3623 4790 est.
3654 4719 3815 4774 indu-

2228 4806 2346 4852 ctas
2378 4796 2543 4851 fuisse
2579 4795 2826 4848 tenebras
2852 4808 2882 4846 a
2904 4803 3057 4846 sexta
3083 4789 3216 4845 hora
3242 4792 3533 4846 secundum
3566 4789 3814 4860 Evange—

2231 4869 2427 4923 liorum
2468 4880 2677 4929 vocem,
2731 4879 2852 4934 qua;
2896 4863 3136 4934 tenebrre
3165 4864 3215 4914 in
3240 4860 3537 4917 Salvatoris
3558 4862 3813 4934 passione

2228 4939 2576 5002 acciderunt,
2620 4946 2678 4989 ut
2720 4933 2835 5004 ipse
2875 4933 3209 5004 praphetice
3233 4934 3363 5004 olim
3401 4933 3669 4988 clamabat
3698 4948 3712 4983 :
3737 4933 3812 5004 ait

2228 5012 2373 5066 enim
2397 5011 2563 5063 Amos
2590 5026 2603 5061 :
2630 5005 2696 5059 Et
2726 5002 2819 5059 erit
2846 5002 2898 5057 in
2923 5004 3014 5057 illa
3043 5004 3145 5071 die,
3177 5003 3299 5056 dicit
3325 5003 3589 5067 Dominus,
3618 5002 3815 5055 occidet

2226 5081 2308 5135 sol
2330 5083 2383 5134 in
2414 5080 2638 5142 meridie,
2684 5087 2729 5131 et
2756 5074 3100 5130 obscurabitur
3122 5077 3176 5127 in
3204 5075 3285 5127 die
3313 5075 3401 5127 tua:
3448 5074 3623 5142 (Amos
3648 5073 3702 5127 8.
3724 5073 3811 5141 9).

2232 5152 2300 5206 Et
2320 5152 2441 5221 quia
2470 5152 2701 5204 futurum
2745 5157 2880 5221 emt,
2920 5157 2978 5221 ut
3006 5146 3122 5200 dies
3153 5145 3240 5199 illa
3284 5147 3339 5221 in
3378 5147 3548 5199 lucem
3578 5153 3632 5221 et
3662 5154 3815 5221 tene-

2229 5214 2357 5277 bras
2384 5223 2729 5283 divideretur,
2748 5217 3035 5271 Zacharias
3062 5231 3245 5271 rursus
3275 5217 3411 5269 alim.
3442 5214 3704 5284 propheta
3732 5214 3816 5266 di-

2229 5295 2304 5349 cit
2335 5314 2347 5349 :
2382 5292 2449 5346 Et
2485 5294 2597 5356 erit,
2635 5293 2687 5343 in
2722 5290 2804 5343 die
2842 5290 2934 5342 illa
2975 5305 3077 5341 non
3110 5289 3203 5341 erit
3233 5288 3399 5339 lumen
3429 5304 3447 5340 :
3475 5297 3521 5340 ει
3561 5286 3669 5339 dies
3712 5285 3813 5337 illa

2227 5378 2351 5421 nota
2390 5363 2624 5422 Domino.
2656 5377 2757 5414 non
2784 5368 2856 5412 est
2882 5360 2987 5412 dies
3018 5376 3175 5429 neque
3202 5374 3305 5410 nox
3331 5374 3349 5410 :
3379 5368 3423 5410 et
3463 5357 3529 5410 ad
3553 5372 3815 5429 vesperam

2230 5439 2321 5491 erit
2357 5435 2524 5490 lumen
2554 5432 2733 5503 (Zach.
2768 5432 2854 5485 Μ.
2887 5433 2941 5484 6.
2971 5432 3045 5498 7).
3073 5430 3135 5483 Et
3161 5438 3323 5481 totam
3353 5430 3499 5503 illam
3523 5428 3815 5503 ancipitem

2234 5510 2359 5564 iacit
2398 5523 2491 5575 per
2513 5499 2910 5575 successionem
2953 5503 3292 5575 tenebrarum
3318 5508 3374 5575 et
3399 5499 3560 5575 lucis:
3582 5500 3662 5575 A_c
3679 5513 3817 5567 quo-

2233 5583 2373 5633 niam
2398 5569 2665 5647 propheta
2695 5573 2983 5647 clamabat,
3010 5570 3459 5647 thenebrahitur
3482 5569 3563 5623 sol
3611 5570 3665 5622 in
3695 5582 3805 5621 me-

2232 5642 2752 5718 ridiefet'quidem
2794 5643 3101 5718 aliquando
3127 5642 3428 5718 dubitaturi
3468 5649 3643 5718 erant,
3684 5654 3817 5691 num

2234 5724 2335 5776 hoc
2377 5712 2505 5773 vere
2525 5712 2811 5773 accidisset
2831 5712 3125 5778 servatori,
3150 5726 3360 5777 necne;
3410 5712 3520 5789 iam
3574 5712 3645 5789 ob
3688 5723 3825 5789 ocu—

2236 5794 2321 5849 los
2372 5800 2495 5864 tuos
2546 5790 2757 5859 signum
2785 5801 3068 5864 _maguum
3113 5795 3198 5840 est
3221 5827 3280 5864 ,ἢ
3307 5780 3449 5864 quod
3514 5780 3820 5864 restitutiof

2240 5879 2362 5922 ncm
2392 5860 2580 5919 videns
2595 5851 2965 5931 quaestionem
2990 5857 3187 5915 solvas.
3240 5851 3378 5924 Quid
3411 5868 3541 5926 ergo
3579 5851 3823 5922 sequitur
