4082 6400
428 308 531 365 755

427 505 613 551 tamen
660 496 918 550 memoria
966 497 1301 551 retineantur
1341 511 1403 549 ea
1432 537 1447 558 ,
1475 511 1595 565 qua:

1918 305 2187 366 SPURIA.

436 423 546 479 Nos
587 432 764 479 autem
811 422 990 479 hacin
1018 439 1079 480 re
1120 422 1534 493 promissionem
1563 424 1938 493 implevimus,
1982 426 2028 480 si

1665 496 1877 551 iximus.
1926 497 2025 552 Det

425 577 605 623 autem
650 568 791 621 Deus
814 574 873 620 ut
914 576 969 621 et
997 567 1249 639 mysteria
1275 566 1458 620 omnia
1485 578 1767 621 serventur
1811 568 1863 621 in
1893 583 2019 623 eor-

3609 326 3722 386 756

2140 426 2301 515 dibus
2318 431 2543 515 vestris,
2566 442 2625 515 et
2653 446 2749 489 vos
2774 433 2827 489 in
2852 434 3087 501 Christo,
3114 437 3327 515 quicum
3353 440 3581 515 refertur
3602 448 3719 515 glo-

2136 504 2213 583 ria
2264 499 2375 554 Deo
2400 512 2455 583 et
2485 503 2672 583 Patri,
2722 522 2929 583 unaque
2965 499 3150 583 sancto
3178 510 3441 580 Spiritui,
3494 499 3721 573 nunc—ct

2131 582 2365 639 semper.
2398 576 2450 627 in
2476 576 2671 630 szccula
2698 576 3038 633 saeculorum.
3071 576 3264 635 Amen.

1623 750 2514 978 mea

1497 1051 1581 1113 IN
1624 1047 2106 1124 SEQUENTEM
2149 1048 2615 1120 SERMONEM.

495 1197 607 1253 lloc
632 1198 788 1278 otiosi
818 1197 1048 1278 graeculi
1078 1208 1439 1278 commentum
1477 1205 1601 1278 post
1624 1195 1880 1278 Savilium
1909 1192 2006 1247 da-

421 1284 541 1324 nms
564 1310 593 1352 ,.
622 1270 752 1352 quia.
776 1269 919 1352 nulla
952 1270 1363 1352 praetermittere
1406 1269 1619 1321 animus
1648 1276 1961 1352 estneorum
1988 1304 2005 1343 τ

420 1355 541 1410 qua:
565 1335 696 1410 ipse
738 1341 791 1395 in
837 1335 1009 1395 lucem
1040 1342 1279 1409 protulit.
1315 1340 1531 1395 Poterat
1557 1347 1706 1393 certe
1741 1337 1832 1391 ille
1858 1376 1875 1402 ,
1916 1335 2007 1405 qui

2113 1211 2217 1282 non
2239 1213 2404 1267 pauca
2426 1200 2528 1284 alia
2552 1202 2923 1284 nulliuspretii
2945 1209 3381 1284 przetcrmiserat,
3400 1211 3504 1269 hoc
3519 1213 3707 1284 etiam,

2118 1272 2235 1327 sine
2262 1272 2520 1340 scrupulo
2551 1273 2603 1327 in
2634 1272 2867 1331 tenebris
2896 1272 3219 1349 relinquere.

424 1466 3704 1495 mm

1556 1564 1941 1610 HISYNAXHU

490 1722 765 1781 Laudandi
794 1732 920 1779 sunt
946 1724 1120 1793 angeli
1146 1739 1161 1776 :
1194 1721 1294 1792 ipsi
1320 1736 1549 1791 namque
1574 1719 2003 1793 Creatoremuce-

421 1798 731 1861 lehrantes,
766 1789 1050 1865 propitium
1078 1789 1228 1849 illum
1256 1808 1319 1847 ac
1348 1789 1665 1865 benevolum
1698 1789 2002 1865 hominibus

414 1869 664 1924 reddunt.
715 1859 951 1936 angelos
991 1865 1111 1919 dico
1136 1907 1150 1929 ,
1194 1864 1587 1918 commilitones
1614 1870 1828 1915 nostros
1858 1903 1873 1927 ,
1910 1859 2001 1929 qui

413 1938 610 1994 bellum
640 1946 832 2006 gerunt
853 1946 1038 1990 contra
1065 1936 1398 2006 adversarias
1432 1941 1742 2006 potestates,
1772 1942 1999 2006 ιμιοινιιιιι

414 2024 556 2064 unus
586 2004 665 2062 est
697 2006 1050 2077 arcbangelus
1076 2006 1297 2060 Michael
1326 2004 1520 2077 (ludo:
1569 2005 1602 2077 9
1630 2006 1676 2075 ),
1703 2004 1792 2073 qui
1814 2009 1999 2057 contra

412 2080 685 2133 diabolum
717 2094 812 2140 pro
843 2076 1069 2147 corpore
1108 2076 1307 2145 Moysis
1350 2076 1698 2147 decertabatg,
1732 2084 1787 2128 et
1814 2079 1999 2147 contra

414 2150 711 2219 principem
760 2143 1042 2219 Persarum
1085 2143 1470 2217 pro—libertate
1500 2145 1683 2219 pepuli
1731 2143 2000 2219 pugnabat

413 2215 433 2289 ἰ
459 2215 607 2274 Dan.
634 2219 720 2274 10.
754 2216 877 2291 15).
898 2219 982 2291 7E:
1014 2215 1242 2288 quorum
1264 2215 1605 2291 numeroest
1635 2217 1721 2270 ille
1763 2217 1852 2284 qui
1894 2215 1999 2291 asi-

410 2284 535 2345 nam
558 2292 785 2360 repulit,
817 2284 870 2344 ét
896 2284 1200 2344 Balaamum
1226 2290 1293 2343 ab
1323 2290 1511 2360 insano
1539 2286 1718 2341 furore
1746 2284 2000 2360 repressit

409 2363 428 2430 (
451 2357 725 2416 Νιιιηζῖὶ.
754 2360 861 2432 27)
884 2377 899 2412 :
932 2371 987 2415 et
1007 2362 1129 2429 quia
1151 2370 1299 2413 vates
1324 2359 1413 2414 ille
1441 2374 1553 2412 rem
1574 2373 1695 2482 qua:
1714 2357 1999 2427 gerebatur

412 2448 519 2482 non
554 2431 904 2482 intelliaehat.
937 2431 1076 2482 bruti
1105 2430 1354 2482 animalis
1384 2444 1515 2482 voce
1540 2446 1567 2482 a
1632 2444 1815 2482 sanam
1846 2442 1999 2480 men-

412 2448 519 2488 tton
554 2430 904 2501 intelligebat,
937 2431 1076 2485 bruti
1105 2430 1354 2485 animalis
1384 2444 1515 2483 voce
1540 2430 1603 2482 ad
1632 2444 1815 2501 sanant
1846 2442 1999 2501 men-

413 2512 522 2557 tem
549 2498 800 2558 reduetus
825 2512 929 2557 est.
963 2501 1045 2556 Ex
1072 2501 1262 2571 quibus
1289 2502 1413 2554 item
1435 2509 1518 2555 est
1541 2501 1625 2554 ille
1645 2500 1734 2623 qui
1762 2498 1994 2567 gladium

413 2575 657 2623 arripuit.
688 2582 742 2623 et
761 2572 941 2623 Jesum
973 2574 1139 2623 lilium
1160 2572 1327 2623 Nave.
1362 2580 1419 2623 ut
1443 2580 1631 2623 contra
1681 2580 1844 2623 testes
1867 2583 1994 2621 con-

410 2575 657 2644 arripuit,
688 2582 742 2628 et
761 2572 941 2627 Jesum
973 2574 1139 2644 lilium
1160 2572 1327 2637 Nave,
1362 2580 1631 2626 utcontra
1664 2572 1844 2623 hostes
1867 2583 1996 2644 con-

414 2639 623 2717 ﬂigeret
649 2686 665 2709 ,
698 2644 955 2717 incitavit.
986 2643 1065 2697 Ex
1094 2657 1322 2717 quorum
1370 2644 1495 2717 item
1528 2656 1754 2717 numero
1780 2650 1861 2694 est
1907 2639 1995 2692 ille

410 2713 501 2789 qui
533 2724 747 2771 centum
777 2714 1044 2789 octoginta
1072 2716 1309 2789 quinque
1333 2713 1494 2789 millia
1524 2713 1866 2783 Assyriorum
1889 2726 1991 2762 una

412 2784 568 2841 nocte
601 2786 900 2856 percussit,
930 2793 984 2839 et
1008 2798 1254 2856 somnum
1288 2784 1639 2856 barbarorum
1667 2798 1787 2837 cum
1820 2789 1993 2833 morte

407 2854 685 2925 conjunxit
710 2857 800 2925 (ι.
831 2855 1081 2926 Reg.rl9.
1114 2855 1184 2910 55
1211 2854 1251 2926 ).
1286 2855 1361 2908 Ex
1401 2869 1628 2926 quorum
1660 2866 1883 2926 numero
1911 2860 1994 2906 est

409 2927 456 2981 is
477 2968 489 2987 .
516 2928 603 2995 qui
634 2925 947 2997 prophetam
973 2925 1390 2997 Habacucaerio
1420 2925 1557 2979 saltu
1590 2925 1858 2997 transtulit
1877 2932 1993 2997 ,A‘ut

408 2992 718 3067 prophetam
736 2992 1013 3051 Danielem
1044 2997 1095 3050 in
1119 2996 1296 3067 medio
1310 2996 1613 3065 jejunorum
1638 2996 1847 3049 leonum
1870 2992 1992 3047 cibo

405 3066 661 3141 reﬁceret
683 3066 702 3141 (
724 3067 861 3121 Dan.
898 3068 984 3123 ﬂ.
1015 3068 1084 3123 35
1106 3067 1147 3138 ).
1178 3066 1245 3122 Hi
1279 3067 1436 3141 igitur
1460 3076 1514 3121 et
1544 3066 1607 3120 iis
1632 3067 1832 3141 similes
1856 3081 1987 3118 cou-

408 3149 488 3193 tra
520 3134 761 3193 inimicos
789 3146 952 3204 stant,
982 3148 1038 3192 et
1062 3134 1247 3192 contra
1278 3134 1403 3191 vitia
1434 3146 1651 3191 strenue
1688 3134 1985 3191 decertant.

405 3210 587 3276 Qualis
613 3220 727 3263 erat
745 3208 1091 3263 admirandus
1111 3216 1167 3263 et
1192 3208 1407 3262 divinus
1434 3207 1693 3277 Raphael,
1714 3207 1804 3274 qui
1830 3207 1987 3277 unius

405 3281 567 3351 piscis
600 3280 838 3351 sectione
862 3295 891 3331 a
920 3278 1164 3333 daemone
1184 3288 1428 3351 vexatam
1459 3276 1687 3351 puellam
1711 3276 1983 3351 restituit,

406 3345 461 3404 et
492 3353 607 3406 seni
636 3365 780 3405 caeco
820 3350 997 3405 lumen
1026 3360 1143 3404 arte
1171 3345 1476 3404 conciliavit
1502 3349 1521 3420 (
1547 3347 1669 3401 Tob.
1702 3349 1763 3402 11
1796 3349 1835 3420 )_.
1878 3345 1985 3401 Sed

405 3436 579 3492 neque
620 3422 653 3475 ii
694 3422 907 3476 silentio
938 3420 1181 3474 mittendi
1213 3430 1367 3485 sunt,
1410 3418 1589 3489 qui'in
1624 3420 1768 3473 Novo
1791 3418 1984 3492 Testa-

404 3490 586 3547 mento
615 3493 1007 3553 ministrarum.
1040 3492 1191 3559 cujus
1219 3506 1407 3561 ntagna
1432 3506 1554 3560 pars
1581 3501 1664 3545 est
1693 3490 1987 3559 archange-

408 3564 489 3616 lns
514 3563 752 3627 Gabriel,
782 3564 868 3631 qui
899 3562 1167 3615 Zachariae
1200 3562 1411 3616 oracula
1440 3562 1595 3625 fudit,
1629 3561 1718 3631 qui
1740 3561 1987 3614 incredu-

402 3632 604 3692 litatem
649 3635 765 3702 ejus
810 3634 1023 3688 silentio
1051 3634 1365 3702 castigavit,
1409 3635 1551 3703 quod
1592 3647 1697 3687 non
1737 3632 1982 3685 crederet

403 3705 663 3770 sterilem,
697 3715 914 3774 propter
938 3704 1166 3757 futuram
1194 3706 1547 3758 oeconomiam
1573 3744 1589 3769 ,
1620 3713 1979 3774 przegnantem

405 3776 560 3841 tieri;
591 3772 1028 3845 qui—venerandae
1054 3774 1233 3828 Marite
1264 3786 1472 3843 partum
1505 3772 1631 3829 sine
1666 3788 1865 3845 sponso
1903 3772 1984 3826 fu—

404 3855 579 3899 turum
608 3844 941 3900 annuntiavit
965 3862 979 3909 ;
1007 3846 1095 3914 qui
1126 3854 1365 3913 pastores
1386 3846 1450 3897 ad
1474 3846 1783 3909 speluncam
1810 3844 1979 3911 duxit,

404 3926 459 3972 et
484 3916 799 3987 signiﬁcavit
828 3932 949 3970 eum
979 3917 1069 3985 qui
1098 3916 1358 3969 contineri
1380 3917 1567 3987 nequit
1589 3957 1604 3979 ,
1640 3918 1690 3968 in
1720 3914 1982 3987 prmsepio

403 3986 568 4049 esse}
617 3989 668 4040 iit
716 3988 995 4041 cunabulis
1024 3986 1581 4055 incircumscriptum;
1622 4002 1683 4039 ac
1725 4001 1844 4040 cum
1878 3986 1981 4039 illis

402 4072 699 4113 consonum
722 4058 784 4111 ad
809 4059 1033 4127 gloriam
1064 4059 1152 4109 Dei
1182 4068 1445 4111 canticum
1475 4059 1691 4112 emisit:
1724 4056 1900 4109 Gloria
1928 4056 1981 4109 in

402 4130 607 4184 excelsis
628 4127 758 4190 Deo,
787 4141 830 4181 et
854 4130 906 4181 in
928 4139 1061 4182 terra
1086 4144 1207 4199 past,
1230 4129 1283 4181 in
1304 4128 1587 4185 hominibus
1616 4127 1981 4193 beneplacitum

406 4199 575 4270 (Luc.
623 4201 677 4256 2.
711 4200 844 4271 14).
892 4201 1041 4257 Alius
1088 4214 1271 4271 magos
1313 4199 1528 4271 cohibet
1576 4215 1642 4253 ne
1691 4209 1971 4270 tyrannum

405 4271 634 4326 adeant:
686 4272 772 4323 alii
825 4272 875 4323 in
920 4283 1059 4323 terra
1104 4270 1477 4323 ministrabant
1518 4270 1609 4333 ei,
1641 4272 1731 4339 qui
1777 4279 1971 4321 terram

400 4342 600 4395 creavit
630 4359 642 4394 :
672 4343 807 4399 alius
833 4357 1085 4409 sponsum
1120 4339 1350 4410 Virginis
1380 4350 1595 4405 monet,
1639 4357 1707 4394 ne
1744 4340 1977 4393 dimittat

404 4423 483 4486 nt_
505 4424 813 4486 corruptam
838 4430 996 4486 eant,
1045 4427 1162 4486 quae
1209 4414 1516 4486 incorrupta
1554 4423 1666 4466 erat
1702 4428 1714 4464 :
1747 4411 1880 4464 alius
1906 4410 1977 4486 ob

402 4475 787 4537 inl‘anticidium
843 4484 911 4534 ah
953 4475 1161 4536 Herode
1227 4475 1487 4552 pairatuin
1544 4497 1742 4554 sponso
1790 4480 1978 4554 suadet

400 4556 598 4622 fugam,
620 4564 673 4607 et
698 4563 876 4622 postea
899 4554 1125 4606 reditum
1148 4570 1161 4617 ;
1192 4554 1452 4621 siquidem
1477 4555 1527 4606 in
1549 4552 1710 4607 carne
1736 4552 1978 4605 videntes

399 4642 523 4677 eum
553 4626 641 4692 qui
668 4626 932 4683 inc-reatus
959 4635 1091 4685 erat,
1117 4639 1392 4677 svrvorum
1424 4639 1571 4677 more
1598 4626 1695 4694 ipsi
1718 4625 1977 4676 ministra-

397 4696 546 4755 bant.
581 4694 751 4749 Mirati
774 4704 898 4751 sunt
924 4696 1064 4747 enim
1095 4695 1454 4747 fortitudinem
1485 4695 1620 4763 ejus,
1649 4712 1748 4764 qua
1782 4696 1975 4749 factum

400 4776 484 4821 est
515 4776 569 4819 ut
599 4774 831 4821 tentatur
856 4765 1141 4829 ceciderit,
1173 4767 1465 4819 secundum
1498 4766 1712 4819 liavidis
1751 4780 1932 4819 vocem
1960 4782 1973 4816 :

400 4834 457 4889 In
489 4837 734 4912 manibus
763 4836 1009 4912 tollent-es
1035 4850 1179 4912 eum,
1206 4847 1354 4912 (ἔδειιή
1379 4839 1582 4912 2iactum
1613 4836 1847 4912 lapidum
1879 4836 1976 4912 de-

397 4915 678 4976 portarunt
715 4905 903 4977 (Psal.
933 4907 1020 4961 90.
1056 4906 1341 4977 l2).7l\‘ant
1377 4907 1617 4960 ’l'ulerunt
1647 4905 1841 4976 lapides
1879 4907 1977 4961 Ju-

396 4980 493 5031 tltei
520 5019 534 5042 ,
567 4990 621 5030 ut
659 4976 881 5045 iacerem
909 4981 961 5030 in
992 4995 1101 5030 eum
1135 4976 1324 5047 (Joan.
1356 4979 1408 5036 8.
1444 4978 1569 5049 59).
1609 4980 1711 5031 Alii
1742 4979 1976 5047 passiotti

395 5055 814 5104 concurrebant:
835 5049 921 5101 alii
944 5058 1061 5116 post
1078 5052 1524 5103 resurrectionem
1546 5064 1713 5103 vacuo
1734 5052 1978 5119 sepulcro

395 5122 704 5179 assidehant
728 5162 740 5183 .
782 5119 1131 5189 fidelibusque
1161 5120 1403 5175 dicebant
1439 5122 1752 5175 mulieribus
1776 5162 1790 5186 ,
1841 5120 1977 5188 Quid

393 5194 613 5262 quaeritis
642 5202 881 5245 viventem
914 5206 1027 5243 cum
1068 5191 1278 5264 mortuis
1320 5190 1493 5264 (Luc.
1535 5191 1627 5249 9.1.
1675 5193 1707 5247 5
1741 5192 1804 5264 )?
1850 5193 1979 5247 Post

392 5265 761 5318 ascensionem
787 5272 961 5316 autem
980 5263 1263 5317 satellitum
1282 5277 1429 5316 more
1445 5262 1716 5333 discipulis
1733 5262 1973 5327 aderant,

393 5336 535 5389 Petri
569 5335 775 5387 vincula
808 5334 1100 5398 solventes,
1134 5334 1278 5403 Pauli
1308 5336 1542 5403 pericula
1576 5337 1627 5388 in
1663 5337 1793 5387 mari
1825 5344 1875 5388 et
1924 5336 1973 5388 iti

390 5418 530 5459 terra
577 5406 871 5461 allevantes
892 5446 905 5471 ,
939 5405 1096 5459 iidem
1125 5402 1352 5459 Cornelii
1390 5406 1633 5475 iuvantes
1660 5449 1673 5469 ,
1712 5407 1974 5475 justnrunt

388 5479 683 5531 occisorum
712 5475 974 5531 Herodem
1022 5476 1640 5549 tltagttiliccloquentettt
1674 5480 1975 5547 percutien-

390 5557 490 5603 tes.
534 5552 726 5602 Annon
771 5562 899 5617 ergo
932 5546 1163 5602 maxime
1187 5546 1331 5617 digni
1378 5558 1501 5607 sunt
1534 5549 1735 5604 honore
1761 5591 1775 5616 ,
1806 5550 1890 5621 qui
1923 5557 1978 5603 et

1993 1562 2577 1609 ARCHANGELORUM.

2121 1719 2281 1800 vitam
2311 1728 2548 1800 nostram
2584 1719 2861 1800 dirigunt?
2890 1720 3006 1800 Non
3036 1724 3196 1780 modo
3228 1728 3369 1800 enim
3394 1740 3577 1800 gentes
3600 1749 3702 1788 cu-

2110 1791 2313 1867 stodire
2329 1790 2467 1867 jussi
2492 1801 2616 1867 sunt
2638 1792 2832 1861 angeli,
2862 1803 2918 1847 ut
2942 1790 3425 1854 clamatoraeulunvt
3450 1819 3463 1855 :
3486 1802 3704 1867 Quando

2108 1861 2361 1943 diuidebat
2404 1863 2692 1943 Altissimus
2720 1876 2889 1943 gentes
2925 1904 2940 1931 ,
2967 1868 3168 1943 quando
3209 1861 3525 1940 αἰθρίῃ-9ώαῖ
3563 1877 3699 1943 ﬁlios

2106 1931 2294 1994 Adam,
2323 1931 2842 2005 constituitAterniinos
2873 1931 3180 2005 populorum
3200 1931 3475 1996 secundum
3508 1931 3687 1999 nume?

2105 2018 2220 2087 rum
2237 2004 2541 2087 angelorum
2577 2002 2670 2057 Dei
2699 2002 2891 2087 (licet.
2920 2007 3011 2060 52.
3142 2026 3155 2073 ;
3180 2011 3272 2063 sed
3302 2013 3462 2067 etiam
3503 2018 3697 2087 singuli

2105 2071 2350 2154 homines
2379 2076 2623 2154 angelum
2650 2071 2829 2154 sortiti
2862 2088 3006 2131 sunt.
3034 2071 3150 2154 Non
3181 2097 3334 2154 meus
3351 2094 3447 2154 est
3474 2071 3651 2141 seruio

2104 2144 2197 2197 sed
2232 2144 2426 2222 divina:
2452 2145 2757 2222 Scriptura}.
2788 2146 2940 2222 Nam_
2976 2150 3153 2218 puella
3211 2151 3398 2207 Rhode
3442 2144 3699 2222 apostolis

2106 2215 2541 2291 nuntianteante
2574 2218 2713 2271 l'ores
2742 2230 2885 2291 stare
2912 2215 3129 2275 Petrum
3151 2262 3165 2283 ,
3195 2224 3283 2291 qui
3316 2215 3550 2281 Herodis
3579 2229 3695 2282 vin—

2104 2287 2221 2367 cula
2247 2286 2549 2367 effugisset,
2582 2290 2996 2367 ptinet-edentes
3023 2291 3098 2344 illi
3134 2286 3385 2367 dicebant
3416 2315 3429 2349 :
3471 2300 3696 2367 Angelus

2101 2357 2213 2427 ejus
2258 2368 2331 2429 est
2373 2357 2526 2429 (Act.
2576 2358 2823 2429 12.15).
2868 2360 2991 2414 Harc
3039 2363 3352 2419 testiﬁcatur
3400 2367 3524 2422 item
3550 2357 3691 2424 "Ser-

2101 2437 2274 2492 vator,
2303 2428 2370 2483 de
2398 2428 2462 2481 iis
2485 2430 2578 2505 qui
2609 2431 2659 2482 in
2694 2428 2797 2484 vita
2831 2432 3008 2505 pusilli
3034 2444 3189 2505 erant
3216 2436 3437 2505 loquens
3469 2456 3481 2492 :
3516 2438 3691 2495 Videte

2103 2500 2522 2575 necantemnatis
2548 2517 2704 2575 unum
2729 2518 2791 2555 ea:
2814 2502 2898 2575 liis
2941 2504 3142 2570 pusillis
3163 2520 3181 2557 :
3211 2500 3324 2559 dico
3354 2508 3483 2561 enim
3516 2510 3682 2575 vobis,

2099 2569 2217 2647 quia
2245 2571 2414 2647 angeli
2438 2586 2610 2647 eorum
2638 2572 2692 2624 in
2713 2569 3089 2647 .etplissentper
3106 2576 3283 2647 uident
3308 2577 3485 2647 facient
3515 2569 3688 2634 Patris

2100 2640 2226 2720 mei,
2248 2641 2334 2720 qui
2354 2642 2404 2693 in
2429 2641 2566 2720 ctzlis
2605 2653 2676 2695 est
2703 2642 2915 2720 (Matth.
2942 2640 3028 2697 18.
3062 2645 3181 2720 10).
3212 2647 3269 2702 In
3291 2640 3509 2720 singulis
3530 2666 3688 2720 porro

2101 2708 2358 2788 Ecclesiis
2405 2713 2623 2788 angelos
2665 2708 2924 2788 custodes
2974 2708 3243 2788 constituit
3292 2708 3581 2788 Chiistus',
3630 2732 3689 2777 ut

2095 2778 2289 2860 {panni
2338 2778 2583 2837 revelatis
2628 2784 2703 2836 ait
2732 2801 2745 2837 :
2772 2784 2868 2837 Dic
2907 2787 3087 2860 angelo
3121 2786 3378 2860 Ecclesia:
3407 2778 3643 2860 Smyrna:
3665 2809 3688 2846 :

2098 2849 2219 2925 Scio
2249 2864 2595 2925 paupertatem
2627 2864 2765 2907 tuam
2813 2865 2859 2908 et
2903 2849 3275 2911 triliulationem
3294 2901 3309 2925 ,
3340 2862 3429 2913 sed
3457 2849 3592 2916 diues
3630 2880 3684 2917 es

2096 2922 2114 2988 (
2146 2922 2307 2990 Apoc.
2337 2923 2391 2976 2.
2422 2924 2474 2978 8.
2507 2923 2539 2979 9
2570 2924 2609 2994 ).
2638 2925 2775 2992 Quid
2801 2926 2955 2988 dicis,
2991 2927 3253 2983 Domine?
3282 2922 3433 2985 dives
3459 2948 3596 2995 sum,
3629 2943 3688 2990 es

2094 3007 2213 3045 sum
2245 2995 2490 3064 pauper?
2518 3010 2615 3049 cur
2641 3012 2728 3049 me
2752 3012 2889 3050 vano
2914 2996 3052 3051 ditas
3084 3001 3332 3055 nomine?
3360 3001 3491 3056 Nam
3522 3005 3564 3056 si
3588 3004 3673 3058 di—

2094 3078 2482 3141 ves_sum,_non
2505 3081 2621 3141 sum
2647 3082 2845 3141 pauper
2864 3084 2882 3133 ;
2900 3069 2941 3122 si
2968 3084 3187 3139 pauper,
3209 3071 3476 3141 quomodo
3499 3074 3681 3129 dives?

2095 3132 2258 3212 Multa
2286 3136 2427 3189 enim
2449 3144 2532 3212 est
2552 3132 2770 3212 divitias;
2793 3132 2930 3193 inter
2950 3132 3003 3193 et
3022 3132 3385 3209 pauperiatem
3408 3144 3677 3212 distantia,

2094 3214 2153 3257 ut
2182 3205 2295 3274 ipse
2337 3205 2677 3280 testiﬁcaris;
2721 3208 2894 3262 hiatus
2922 3205 3145 3280 magnus
3175 3222 3256 3267 est
3295 3214 3434 3268 inter
3460 3205 3677 3271 divitem

2093 3283 2159 3357 et
2180 3291 2501 3357 pauperem._
2525 3278 2678 3332 Dives
2702 3294 2990 3357 pauperem
3018 3278 3298 3357 aversatur
3322 3326 3336 3347 ,
3368 3300 3565 3357 pauper
3593 3288 3677 3340 di-

2092 3349 2255 3425 vitem
2304 3349 2529 3425 susriicit
2561 3367 2572 3401 :
2601 3352 2883 3425 eontra_ri:_e
2930 3367 3037 3425 resg
3058 3363 3211 3425 sunt,
3248 3349 3522 3425 ina-qualis
3549 3358 3675 3411 vita.

2098 3414 2191 3469 Ille
2220 3414 2451 3487 namque
2483 3420 2821 3495 internuntiis
2848 3423 3176 3491 ingemiscit.
3198 3414 3288 3478 hic
3315 3414 3677 3495 voluptatibus

2090 3501 2209 3540 sese
2239 3500 2472 3566 ostentat
2500 3508 2525 3566 :_
2548 3490 2850 3566 biepanem
2880 3494 3117 3566 expetit,
3163 3496 3251 3550 ille
3278 3499 3414 3566 gulze
3442 3490 3676 3552 oblecta-

2090 3563 2284 3635 tiieutis
2315 3561 2713 3635 superabundat
2743 3580 2755 3615 :
2786 3562 2875 3635 hie
2903 3564 3009 3635 vini
3044 3561 3313 3620 heminam
3348 3584 3451 3621 non
3487 3569 3675 3635 habet,

2089 3627 2179 3708 ille
2200 3630 2256 3708 _in
2288 3627 2813 3708 crapulaahsorptus
2830 3632 3143 3708 ebrietatem
3164 3647 3367 3691 eructat
3395 3656 3409 3692 :
3441 3640 3528 3692 hic
3552 3627 3677 3707 pan;

2088 3700 2172 3779 bis
2200 3700 2645 3779 lacerisamictus
2674 3700 2757 3758 est
2781 3705 2925 3779 ,_ille
2960 3706 3119 3759 variis
3150 3718 3369 3779 ornatur
3394 3700 3629 3764 vestibus
3658 3729 3672 3764 :

2088 3771 2185 3850 hie
2203 3773 2251 3824 in
2283 3771 2589 3850 pavimento
2611 3774 3013 3850 jacetabjectus
3038 3786 3093 3830 et
3112 3778 3357 3846 vigilans,
3386 3780 3473 3833 ille
3499 3782 3674 3835 stertit

2090 3841 2139 3893 in
2173 3841 2311 3919 lecto
2340 3844 2568 3919 delicias
2603 3841 2875 3919 somnians
2904 3864 2917 3899 :
2952 3846 3036 3899 hic
3080 3841 3371 3903 teruncium
3405 3855 3557 3919 petit,
3588 3851 3676 3908 ille

2087 3926 2220 3990 auro
2244 3912 2509 3967 obruitur.
2525 3914 2635 3990 Qui
2658 3917 2799 3990 enim
2826 3915 3149 3990 thesaurizat
3170 3934 3269 3973 nec
3294 3912 3499 3990 erogat,
3522 3912 3676 3976 simi-

2179 3992 2272 4060 _est
2317 3986 2534 4060 pauperi
2586 3988 2924 4060 magniﬁcum
2968 3989 3275 4057 sepulcrum
3321 3981 3673 4060 exspectanti.

2087 4052 2197 4129 Sed
2217 4068 2389 4123 neque
2413 4056 2485 4108 illi
2517 4052 2920 4127 tempestatibus
2946 4052 3221 4129 aequaliter
3248 4052 3513 4116 fruuntur.
3545 4063 3675 4116 Pau-

2086 4124 2200 4193 peri
2244 4141 2472 4202 llatttque
2499 4124 2783 4202 gr_a_vi_s_est
2813 4129 2983 4202 hiems
3004 4124 3029 4193 ξ
3061 4131 3148 4200 qui
3196 4146 3300 4185 non
3342 4134 3532 4186 habeat
3569 4150 3678 4202 quo

2084 4212 2144 4248 se
2186 4195 2508 4272 calefaciat;
2541 4198 2707 4272 diviti
2736 4201 2889 4272 noxia
2933 4195 3093 4255 testas
3123 4218 3184 4256 ex
3220 4202 3451 4272 ingluvie
3481 4195 3669 4259 aestum

2082 4280 2187 4344 non
2213 4265 2437 4344 ferente.
2467 4270 2747 4334 Quomodo
2790 4271 2950 4340 igitur
2975 4272 3113 4325 idem
3143 4274 3255 4340 ipse
3277 4265 3362 4327 cst
3391 4290 3589 4344 pauper
3616 4290 3671 4330 et

2080 4336 2268 4390 dives?
2300 4336 2469 4414 verus
2496 4346 2579 4392 est
2603 4336 2900 4414 sermo_,'et
2927 4357 3098 4414 verax,
3118 4336 3207 4413 qui
3240 4336 3667 4414 loquiiurfPau-

2083 4421 2237 4475 peres
2263 4408 2476 4484 quidem
2498 4422 2619 4463 sunt
2644 4412 2805 4484 aliqui
2826 4412 2894 4484 ob
2917 4408 3153 4482 pecunia}
3182 4408 3450 4484 inopiam;
3475 4416 3672 4473 divites

2082 4487 2258 4554 autem
2287 4478 2419 4554 fidei
2441 4478 2929 4554 thesauris—Melius
2958 4495 3135 4537 autem
3160 4478 3289 4540 esse
3306 4478 3588 4554 pauperem
3618 4491 3669 4542 in

2082 4549 2241 4624 rebus
2263 4551 2629 4624 szecularibus,
2652 4562 2707 4607 et
2726 4553 2941 4608 divitem
2967 4555 3018 4606 in
3042 4549 3434 4624 spiritualibus':
3460 4558 3670 4614 illorum

2082 4620 2277 4697 quippe
2304 4623 2423 4675 linis
2447 4631 2529 4697 est
2555 4624 2863 4697 corruptio;
2894 4620 3084 4697 horum
3110 4640 3258 4697 vero,
3282 4628 3508 4692 lucrum,
3530 4633 3670 4697 quod

2081 4689 2292 4763 auferri
2320 4693 2521 4762 nequit.
2554 4689 2784 4763 Ideoque
2819 4696 2892 4747 ait
2918 4694 3109 4749 Filius:
3131 4689 3305 4751 Nolite
3333 4689 3673 4754 thesauri'zare

2082 4761 2219 4837 vobis
2254 4761 2514 4837 thesauros
2540 4764 2592 4837 in
2609 4761 2742 4817 terra
2763 4765 2973 4837 (Matth.
2997 4766 3162 4836 6.19)
3184 4783 3199 4832 ;
3226 4784 3323 4823 nos
3344 4785 3573 4824 emicans
3600 4771 3669 4825 ad

2083 4832 2545 4911 thesaurizandum
2562 4835 2612 4888 in
2627 4832 2950 4911 caelestibus,
2968 4838 3033 4911 ad
3054 4832 3302 4893 alendum
3318 4846 3672 4911 pauperes.atl

2081 4904 2401 4957 visitandum
2430 4907 2790 4981 inlirmos,_ad
2820 4910 3100 4981 tegendum
3130 4924 3224 4964 eos
3246 4904 3336 4979 qui
3360 4904 3474 4965 sine
3495 4915 3673 4981 operi-

2081 4983 2263 5051 mento
2293 4984 2457 5051 sunt_,
2486 4976 2553 5031 ad
2583 4976 2973 5051 remittendum
2989 4976 3321 5051 debitoribus
3359 4976 3549 5051 egenis
3570 5025 3587 5048 ,
3618 4996 3672 5037 et

2081 5045 2149 5099 ad
2172 5046 2527 5122 expetendum
2552 5063 2581 5100 a
2612 5048 2718 5122 [_)eo
2740 5049 2933 5122 manus.
2959 5049 3091 5122 Nam
3122 5051 3221 5115 Qui
3250 5045 3512 5107 miserEtur
3540 5045 3669 5122 pau-

2083 5117 2218 5195 peris
2244 5158 2259 5178 .
2302 5121 2577 5195 fwneratur
2605 5116 2728 5195 Deo
2759 5118 2957 5195 (Prov.
3009 5120 3095 5195 l9.
3141 5122 3206 5176 17
3230 5122 3271 5194 ).
3320 5116 3671 5195 Ηωρίᾳιιίρρθ

2082 5189 2325 5242 videntes
2363 5190 2537 5258 angeli
2565 5230 2580 5255 ,
2609 5189 2676 5243 ad
2702 5189 2941 5246 Judicem
2984 5189 3353 5247 universorum
3382 5189 3621 5249 referunt
3654 5214 3667 5249 :

2083 5258 2173 5311 ille
2198 5274 2323 5313 vero
2345 5260 2495 5327 jubet
2523 5275 2618 5315 eos
2643 5261 2821 5316 dicere
2845 5265 3086 5331 operanti
3126 5263 3324 5318 bonum
3356 5283 3371 5320 :
3402 5264 3671 5320 Orationes

2082 5338 2183 5383 tua:
2210 5341 2256 5383 et
2285 5331 2613 5401 eleemosyme
2637 5343 2738 5385 tua:
2761 5335 3095 5387 ascenderunt
3126 5336 3176 5387 in
3202 5337 3493 5390 memoriam
3523 5340 3594 5389 tui
3616 5340 3669 5391 in

2082 5413 2349 5471 conspectu
2377 5402 2473 5455 Dei
2504 5404 2652 5473 (Act.
2685 5407 2772 5457 10.
2800 5408 2834 5457 4
2862 5406 2902 5474 ).
2932 5405 3036 5475 Ipsi
3078 5406 3247 5475 gloria
3276 5418 3333 5461 et
3358 5407 3668 5476 imperium,

2082 5487 2225 5528 nunc
2251 5485 2305 5529 et
2328 5488 2562 5546 semper,
2591 5483 2645 5530 et
2675 5475 2727 5530 in
2752 5476 2944 5531 saicula
2974 5482 3312 5533 saeculorum.
3340 5475 3534 5534 Amen.
