4082 6400
564 384 669 439 765

562 501 770 558 rescitis
784 497 855 552 oh
872 492 1171 551 saltantium
1192 492 1349 547 linem
1367 492 1391 545 ?
1412 508 1590 547 annon
1616 492 1966 547 exsecramini
1990 492 2140 559 plau-

562 588 717 628 suum
772 566 1038 624 rationes?
1084 581 1260 619 annon
1310 566 1691 618 abominamini
1736 563 2137 618 seminudormn

563 640 914 699 inﬂexiones?
966 637 1217 690 Audesne
1268 636 1577 689 saltatorem
1621 637 1850 689 amicum
1909 634 2141 687 habere?

564 716 799 772 audesne
827 721 878 765 te
899 707 1162 761 saltatoris
1187 717 1477 760 amatorem
1500 706 1717 759 dicere?
1738 706 1868 760 Rem
1889 720 1992 757 non
2010 706 2141 758 ode-

564 788 659 847 ris,
691 798 810 853 qua:
838 780 1075 849 neglecta
1101 778 1501 853 spectatoribus
1522 778 1683 830 risum
1711 780 1921 853 movet?
1945 775 2134 853 Risu-ii

602 846 776 909 uide'm
799 846 1007 909 movet;
1039 862 1247 901 sunune
1273 862 1399 901 vero
1419 849 1557 901 culta
1590 846 1901 916 pr0phetam
1924 846 2137 899 occidit.

610 928 696 980 dio
727 924 1015 976 habeamus
1043 918 1396 981 saltationem,
1425 918 1784 971 inventionem
1816 919 2138 979 diemonum,

561 998 823 1050 malorum
845 992 1148 1045 daemonum
1176 989 1631 1042 exercitationem.
1662 988 1736 1042 De
1759 988 1841 1041 his
1861 988 2143 1041 contrista-

561 1078 645 1121 tus
670 1075 752 1121 est
780 1062 1016 1126 Herodes
1038 1058 1223 1128 (Marc.
1246 1061 1299 1117 ϐ.
1323 1058 1451 1122 26η
1478 1072 1687 1113 summe
1702 1058 2064 1120 contristatns,
2088 1066 2144 1112 ut

559 1139 679 1202 quis
708 1134 924 1194 dixerit,
955 1142 1008 1186 et
1038 1130 1272 1202 imitatur
1304 1129 1554 1202 Pilatum,
1600 1131 1711 1202 imo
1741 1130 1892 1202 Pilati
1924 1143 2137 1191 mores;

560 1199 663 1262 hoc
691 1207 854 1264 enim,
880 1203 947 1257 de
968 1216 1073 1271 quo
1097 1201 1291 1269 agitur,
1325 1201 1473 1269 prius
1498 1200 1789 1254 acciderat.
1821 1199 1923 1271 llleﬁ
1952 1213 2139 1271 manus

558 1280 719 1341 lavat,
748 1285 801 1329 et
829 1269 1088 1342 supplicio
1118 1272 1387 1324 Christum
1430 1271 1589 1325 tradit
1640 1271 1852 1341 (Matth.
1900 1270 1990 1323 27.
2022 1269 2139 1339 24).

558 1349 656 1402 Hic
674 1363 882 1418 quoque
902 1344 1268 1418 contristatur,
1293 1357 1354 1394 ac
1376 1350 1720 1418 propter_t_um
1741 1342 2138 1418 jusjurandum,

560 1412 859 1472 tum'simul
903 1413 1299 1467 discumbentes
1344 1415 1549 1464 alllltllt.
1600 1412 1788 1465 Nonne
1834 1423 1977 1465 recte
2006 1412 2143 1465 dixit

561 1489 815 1542 Dominus
848 1485 1026 1548 hodie,
1074 1484 1149 1536 Ne
1174 1483 1323 1552 jures
1357 1483 1612 1535 omnino?
1657 1483 1813 1536 Vides
1860 1483 2137 1535 Dominum

560 1559 879 1618 hortantem,
911 1555 987 1609 Ne
1009 1558 1156 1621 jures
1184 1555 1403 1607 omnino
1445 1556 1461 1617 (
1495 1552 1581 1605 Id.
1612 1555 1665 1607 5.
1697 1555 1763 1607 54
1790 1553 1828 1623 ).
1859 1552 1968 1606 Cur
1996 1555 2139 1607 enim

555 1632 721 1700 juras,
748 1644 813 1681 an
843 1636 898 1681 ut
930 1626 1173 1700 pejerans
1201 1625 1425 1700 teipsqu
1454 1625 1728 1700 illaque-es,
1754 1626 1848 1700 _v_el_
1888 1633 1943 1700 ut
1988 1624 2135 1700 jura-

559 1694 796 1756 inentum
823 1694 1102 1756 servando,
1129 1695 1443 1765 prophetam
1476 1695 1723 1765 occidas?
1752 1695 1886 1748 Male
1915 1694 2135 1762 juravit,

558 1774 709 1853 pejus
742 1770 1047 1839 juramento
1076 1764 1249 1853 stetit:
1280 1776 1455 1853 tamen
1494 1764 1724 1853 ‘Propter
1738 1766 2134 1853 I.iusjurtlutdruru‘t,

559 1788 709 1853 pejus
742 1784 1047 1839 juramento
1076 1784 1243 1828 Stetlt,
1280 1784 1455 1819 tamen
1503 1784 2134 1887 ι’νοριετήαεμναηαωη,

559 1844 743 1911 tnqttit,
777 1850 824 1894 et
853 1848 1055 1911 prapter
1094 1836 1249 1891 simul
1293 1837 1717 1911 discumberuest
1788 1853 1894 1889 arc.
1932 1836 1992 1911 6.Δ
2019 1835 2136 1911 26).

556 1906 725 1966 Simttl
754 1906 1147 1963 disCumbentes
1178 1907 1458 1969 revereris,
1489 1916 1542 1961 et
1562 1906 1803 1961 Judicem
1828 1922 1934 1961 non
1959 1907 2139 1961 times?

556 1985 623 2039 Et
648 1984 822 2050 jussit,
858 1981 1045 2047 inquit,
1076 1977 1140 2030 Et
1166 1979 1337 2031 statim
1379 1977 1593 2050 allatum
1633 1987 1894 2050 estcaput
1918 1978 2137 2050 .loauuis

557 2047 800 2123 Baptistae
820 2054 871 2104 in
893 2052 1052 2123 disco,
1077 2060 1122 2123 et
1146 2050 1322 2123 datum
1346 2060 1417 2123 est
1437 2049 1619 2123 puella:
1650 2048 1813 2123 (Ibid.
1841 2064 1887 2123 _v.
1912 2047 2133 2123 9.7.?8).

559 2119 695 2179 Ecce
740 2122 908 2176 amari
950 2120 1175 2174 convivii
1226 2119 1542 2172 atnariorem
1577 2120 1757 2172 linem.
1791 2120 2138 2174 Abscinditur

560 2196 1035 2263 prophetareaput,
1082 2191 1242 2243 datur
1287 2189 1498 2263 puellm,
1550 2191 1722 2257 puella
1769 2190 1982 2258 accipit,
2030 2206 2136 2244 non

557 2261 820 2320 horrescit
845 2263 909 2316 ad
924 2261 1044 2316 illoc
1069 2261 1452 2329 spectaculum,
1476 2275 1577 2314 non
1610 2263 1899 2328 stupefacta
1920 2264 2136 2314 estviso

554 2338 746 2406 capite,
775 2351 879 2388 non
927 2343 1177 2406 aversata
1198 2342 1279 2406 est
1297 2332 1787 2406 gu_ttas__sanguiu_is,
1812 2347 1935 2384 vere
1952 2331 2138 2386 leaena:

555 2400 790 2462 crudelis
811 2403 1077 2459 crudelior
1102 2402 1330 2454 catulus.
1363 2400 1420 2453 In
1447 2401 1596 2455 disco
1617 2403 1827 2470 ponitur
1846 2413 2003 2469 caput
2020 2416 2138 2471 pro-

554 2481 749 2548 pheta»,
782 2478 831 2529 in
857 2490 961 2548 quo
988 2473 1089 2526 cibi
1120 2472 1241 2548 l'erri
1265 2472 1442 2526 solent
1467 2489 1489 2548 :_
1509 2472 1639 2526 illud
1669 2474 1839 2548 ipsum
1868 2486 1959 2525 vas
1985 2475 2136 2548 c_i_bo-

555 2541 671 2603 rum
702 2559 755 2603 et
783 2541 944 2599 czedis
968 2552 1079 2607 est;
1128 2542 1423 2611 eademque
1475 2541 1629 2609 hora,
1680 2543 1915 2597 stillante
1962 2543 2139 2598 adhuc

553 2635 764 2683 eruere,
811 2626 866 2671 et
907 2616 1081 2684 capite
1127 2613 1438 2684 palpitante,
1494 2612 1722 2667 fortasse
1752 2615 1803 2684 in
1831 2616 2136 2668 convivium

554 2688 771 2745 allatum
800 2683 988 2755 caput:
1016 2688 1291 2737 motitante
1318 2683 1491 2737 adhuc
1513 2684 1687 2754 lingua
1718 2683 2002 2748 clamabat,
2022 2685 2137 2739 Non

558 2762 680 2814 licet
707 2760 796 2813 tibi
823 2774 941 2812 eam
976 2756 1191 2809 habere.
1230 2755 1292 2806 Et
1319 2766 1596 2821 acceptum
1622 2756 1801 2808 attulit
1844 2757 1997 2809 matri
2028 2772 2139 2810 sua:

557 2831 769 2902 (Ibid).
802 2829 1022 2902 Accepit
1063 2826 1360 2879 saltationis
1390 2826 1641 2895 magistra
1684 2827 1836 2880 mala:
1879 2826 2139 2881 doctrina:

556 2897 770 2977 impiam
804 2897 1123 2977 mercedem.
1422 2965 1433 2975 _
1510 2965 1541 2977 η
1703 2964 1716 2977 .

623 2965 675 3027 τί.
706 2971 850 3025 lianc
874 2967 1146 3023 historiam
1170 2965 1470 3019 necessario
1492 2965 1860 3030 discussimus,
1885 2978 1941 3020 ut
1964 2968 2140 3022 homi-

533 3061 681 3098 num
724 3039 1041 3110 spectaculis
1070 3036 1375 3110 deditorum
1400 3037 1582 3110 oculos
1611 3038 2057 3110 abstergeremus,
2086 3049 2142 3095 et

555 3116 703 3167 vobis
745 3107 1090 3165 suaderemus
1137 3108 1255 3160 talia
1300 3107 1535 3161 aversari
1572 3111 1894 3174 spectacula.
1942 3109 2138 3165 Verum

556 3202 655 3240 nec
685 3187 735 3238 in
764 3192 869 3235 tam
913 3180 1049 3233 tristi
1092 3177 1401 3231 nairatioue
1430 3178 1620 3231 orandi
1653 3181 1810 3232 linem
1845 3178 2099 3234 faciemus
2121 3220 2137 3245 ,

556 3272 655 3311 nec
680 3251 1098 3308 ecclesiasticum
1127 3263 1429 3301 sermonem
1461 3249 1696 3302 saltatrix
1739 3249 1983 3305 cohibeat
2006 3268 2026 3315 ;.
2045 3252 2138 3305 sed

555 3327 797 3381 convivio
829 3324 1045 3380 lascivo,
1091 3320 1385 3389 tyrannica,
1428 3335 1610 3373 amaro
1649 3334 1981 3389 opponamus
2007 3337 2139 3377 con-

557 3400 750 3452 vivium
770 3393 1091 3449 dominicum
1114 3401 1165 3462 et
1180 3388 1487 3462 humanum,
1515 3398 1573 3443 ut
1590 3388 1945 3462 intelligamus
1968 3408 2140 3462 quan-

556 3479 639 3524 tus
664 3469 731 3522 sit
760 3464 1083 3536 pmnitentite
1114 3461 1334 3536 fructus.
1383 3458 1602 3531 Rogavit
1627 3458 1904 3536 Dominum
1932 3458 2138 3531 quidam

557 3542 621 3594 de
648 3530 925 3592 Pltaristeis
952 3543 1006 3585 ut
1048 3530 1436 3600 ingrederetur,
1470 3530 1551 3585 et
1592 3532 1917 3586 manducaret
1944 3530 2143 3602 panem

555 3609 715 3683 (Luc.
748 3610 799 3661 7.
829 3605 950 3675 56).
982 3602 1503 3683 intravitpominus,
1526 3610 1581 3655 et
1604 3602 1991 3683 discumbebat.
2027 3605 2141 3659 Etsi

555 3673 696 3735 enim
741 3673 955 3733 noverat
986 3673 1317 3729 iuvitantium
1354 3673 1610 3733 animum,
1657 3675 1921 3740 patienter
1964 3684 2141 3730 tamen

556 3752 780 3807 ferebat.
823 3747 972 3814 Quod
1005 3746 1145 3798 enim
1178 3745 1221 3798 is
1248 3744 1336 3812 qui
1366 3742 1609 3814 invitavit
1636 3743 1913 3813 hypocrita
1957 3755 2137 3811 esset,

555 3822 830 3891 sequentia
848 3812 1248 3891 demonstrant.
1283 3812 1517 3891 sedente
1543 3812 1769 3891 Domino
1795 3816 1845 3868 in
1873 3818 2140 3891 convivio,

562 3884 748 3947 mulier
771 3891 1003 3961 quaedam
1025 3898 1153 3948 erat,
1177 3886 1378 3961 inquit,
1402 3884 1669 3961 incivitate
1691 3888 1945 3961 peccatrix
1965 3890 1981 3955 (
1998 3885 2139 3961 Ibid.

556 3982 603 4018 υ.
636 3954 916 4033 57);’(ιυξιε
942 3973 1065 4012 cum
1090 3955 1327 4033 audisset
1352 3954 1495 4023 quod
1532 3955 1689 4033 desus
1716 3957 1821 4011 illic
1858 3954 2140 4033 recdmbe-

559 4046 661 4101 ret,
690 4025 835 4088 venit
856 4031 1094 4101 domum,
1132 4036 1202 4101 ct_
1222 4026 1450 4101 atterens
1495 4025 1820 4101 alabastrum
1865 4030 2139 4101 unguenti,

556 4096 743 4160 elltidit
770 4115 930 4170 super
972 4098 1134 4170 pedes
1153 4096 1412 4170 Domini,
1437 4105 1492 4150 ct
1529 4097 1869 4170 osculabatur
1892 4096 2135 4168 vestigia,

555 4186 611 4232 et
633 4166 1195 4243 abstergebat‘capillis
1220 4167 1350 4220 suis.
1372 4166 1438 4222 Ut
1467 4182 1625 4243 porro
1650 4167 1786 4221 scias
1813 4166 2141 4243 hypocriiam

558 4248 719 4303 fuisse
750 4238 895 4299 illum
922 4242 1009 4311 qui
1033 4241 1346 4311 invitaverat
1373 4254 1386 4289 :
1415 4238 1682 4311 cogitabat
1705 4238 1933 4307 apud’se
1954 4238 2143 4294 Phari-

556 4334 730 4373 s:eus:
764 4315 862 4369 Hic
884 4315 925 4367 si
940 4309 1073 4366 esset
1095 4309 1359 4379 propheta,
1384 4309 1532 4361 sciret
1548 4309 1733 4374 utique,
1761 4324 1889 4377 quat,
1912 4320 1955 4362 et
1979 4311 2143 4379 qualis

560 4392 625 4443 sit
655 4388 853 4451 mulier,
876 4398 988 4453 quw
1010 4382 1168 4453 tangit
1187 4396 1320 4453 eum,
1339 4379 1460 4449 quia
1490 4382 1742 4453 peccatrix
1767 4388 1857 4453 est.
1887 4379 2143 4453 Pharisaei

556 4461 833 4514 enimnon
875 4450 1031 4508 modo
1057 4450 1346 4521 hypocritte
1389 4457 1571 4521 erant,
1608 4450 1702 4503 sed
1757 4451 1919 4504 etiam
1955 4451 2140 4506 invidi.

558 4530 712 4601 Apud
734 4543 784 4581 te
807 4526 1048 4601 Christus
1069 4520 1350 4601 recumbit,
1371 4520 1575 4600 etiamsi
1601 4535 1776 4601 mores
1800 4531 2139 4601 111051103561,

556 4590 797 4655 ριίιθιηο
824 4596 1053 4650 invidet:
1078 4594 1220 4645 venit
1248 4590 1509 4657 peccatrix
1532 4590 1724 4644 mulier
1745 4592 1969 4644 salutem
1993 4608 2142 4661 quae-

554 4689 705 4733 rens,
734 4678 788 4721 et
819 4677 872 4721 tu
891 4664 1115 4726 invides,
1145 4679 1177 4715 o
1206 4661 1507 4733 Pharisa-e‘t
1530 4661 1796 4714 Fortassis
1812 4662 1928 4733 ejus
1948 4676 2145 4732 cogna-

559 4754 640 4797 tus
661 4731 795 4802 erat,
827 4737 908 4790 vel
943 4736 1116 4803 potius
1141 4732 1446 4800 dogtnatum
1463 4732 1578 4803 ejus
1608 4731 1921 4803 parensuljt
1942 4731 2141 4802 cogno-

556 4827 677 4867 scas
705 4800 1053 4879 igituripsum
1082 4819 1189 4879 non
1216 4800 2031 4879 esse_sin_i_pliciterprophetam,
2049 4805 2142 4879 sed

558 4884 705 4935 ilium
723 4872 1041 4950 prophetam
1074 4874 1230 4944 (nam
1258 4874 1467 4950 articuli
1493 4872 1728 4926 accessio
1750 4872 1948 4950 aliquid
1977 4874 2143 4944 signi-

556 4944 748 5021 ﬁcat);
781 4944 904 5019 quid
932 4960 1180 5021 magnum
1219 4954 1381 5021 esset,
1424 4946 1466 5021 si
1496 4952 1677 4997 nosset
1704 4944 1978 5021 mulierem
2003 4962 2144 5021 _esse

558 5015 948 5094 peccatricem?
976 5019 1129 5094 ld_ex
1158 5015 1295 5068 fama
1323 5015 1449 5094 disci
1479 5024 1685 5094 poterat
1706 5015 1808 5094 ;_.id
1835 5025 1893 5094 et
1920 5017 2143 5094 tu_Pha-

560 5085 748 5148 rismus
773 5090 934 5152 nosti,
957 5087 1055 5141 etsi
1090 5103 1194 5139 non
1219 5086 1496 5154 propheta.
1529 5085 1773 5138 Ostendit
1799 5087 1999 5155 aliquid
2027 5104 2143 5141 nta-

556 5166 641 5233 jus
689 5165 773 5216 illa
820 5159 1141 5233 cognitione.
1182 5157 1324 5233 Nam
1354 5157 1491 5209 illius
1535 5154 1671 5233 fama
1699 5156 1834 5209 forte
1858 5154 2140 5233 nuntiavit,

554 5228 675 5288 cuin
720 5234 947 5286 maxime
1002 5228 1288 5282 admodum
1344 5228 1608 5294 peccatrix
1654 5238 1796 5281 esset
1844 5229 2145 5283 :Dominns

558 5322 685 5359 vero
716 5314 770 5357 ut
807 5304 1041 5355 divinam
1067 5300 1376 5353 ostenderet
1406 5306 1746 5365 potestatem.
1777 5298 2028 5351 Phariszei
2062 5316 2146 5353 ra-

554 5376 826 5429 tiocinium
868 5373 1032 5426 novit.
1066 5369 1247 5438 Neque
1277 5370 1416 5422 enim
1460 5378 1705 5420 narratur
1736 5369 2059 5423 Pharisarum
2094 5371 2145 5424 id

553 5447 713 5500 alicui
742 5443 1166 5497 recumbentium
1198 5440 1435 5503 dixisse;
1481 5438 1573 5492 sed
1604 5438 1717 5492 haec
1766 5440 1901 5493 intra
1953 5453 2148 5495 semet-

448 5577 457 5587 .
551 5517 725 5585 ipsum
753 5514 965 5587 dicebat
988 5522 1043 5566 et
1088 5510 1544 5587 ratiocinabatur.”
1566 5508 1635 5564 Ut
1658 5526 2139 5587 ergo‘cognoscas,

552 5580 700 5639 illum
720 5602 824 5639 nou
847 5584 1005 5661 modo
1026 5584 1363 5661 prophetam,
1384 5581 1474 5660 sed
1494 5580 1646 5661 illum
1658 5596 1776 5661 esse
1788 5581 2108 5661 Prophetam
2128 5600 2141 5635 :

553 5668 608 5708 tu
652 5659 790 5709 intus
830 5653 1188 5716 ratiocinaris,
1231 5662 1285 5706 et
1314 5653 1571 5706 Dominus
1599 5653 1649 5706 id
1679 5654 1833 5720 legit;
1858 5662 1914 5706 tu
1939 5653 2145 5723 cogita-

558 5728 728 5778 tiones
749 5726 928 5779 animo
955 5737 1156 5787 versas,
1190 5734 1245 5776 et
1294 5723 1549 5777 Dominus
1576 5724 1797 5785 invenit,
1827 5736 1986 5792 atque
2027 5738 2143 5776 me-

554 5796 711 5846 detur
744 5813 756 5847 :
785 5805 942 5863 atque
968 5797 1037 5847 ita
1065 5795 1131 5847 de
1156 5793 1365 5847 duobus
1414 5793 1745 5848 debitoribus
1782 5795 2143 5849 narrationem

566 5863 816 5923 instituit.
860 5880 1085 5926 quorum
1116 5864 1205 5919 uni
1233 5866 1545 5933 quingenta,
1575 5867 1725 5920 alteri
1761 5865 2141 5935 quinquaginta

2049 374 2323 435 SPURIA.

3736 391 3839 446 τω

2250 490 2735 572 remisitrreditor,
2769 494 3131 572 _diccn_s,_Quis
3174 496 3291 572 plus
3333 498 3543 572 diligit?
3592 501 3839 572 Respon-

2245 562 2406 617 dente
2429 563 2719 642 Pharisaei),
2756 564 2813 619 Is
2828 569 2925 642 cui
2948 562 3068 642 plus
3084 562 3287 642 donavit
3322 562 3491 642 (Lai.
3512 571 3562 624 7.
3586 572 3677 626 42.
3700 562 3773 628 ίίὸ
3797 576 3836 642 ).

2245 644 2520 709 comparat
2568 634 2781 693 demum
2827 637 2917 691 ille
2946 637 3269 693 Pharisazum
3300 634 3420 695 cum
3460 640 3548 696 illa
3579 634 3834 709 muliere,

2248 719 2369 773 qua:
2397 705 2686 777 multorum
2718 720 2997 776 acceperat
3040 718 3376 777 peccatorum
3424 713 3788 768 remissionem
3818 705 3837 769 Ξ

2246 790 2409 846 quam
2431 776 2627 846 nonde
2656 780 2921 845 praeterita
2950 776 3056 832 vita
3087 779 3264 846 laudo,
3288 781 3382 835 sed
3403 780 3470 836 de
3497 783 3602 836 line
3628 781 3838 839 beatam

2250 845 2502 912 praedico.
2536 845 2704 900 Nemo
2734 848 2808 903 illi
2840 864 2959 903 cum
2986 845 3268 904 Pbarismis
3298 853 3644 916 convicietur,
3672 854 3840 909 Mere-

2248 917 2376 990 trix”
2405 924 2460 990 et
2505 917 2767 990 impudica
2818 918 3162 990 l'uit._Panlus
3194 921 3596 990 interpretetur,
3640 923 3837 979 Paulus

2248 986 2461 1065 mulieri
2494 988 3073 1065 patruciuetur_:_D_eus
3094 992 3182 1065 qui
3198 986 3466 1065 justiﬁeqt.
3503 986 3630 1060 Quis
3650 1006 3723 1047 est
3749 997 3838 1065 qui

2246 1057 2542 1132 condemnet
2566 1056 2757 1129 (Rom.
2779 1061 2832 1114 8.
2855 1061 2945 1114 55.
2972 1061 3072 1131 54)
3091 1056 3231 1116 ’ἶδεδ
3258 1056 3375 1132 age,
3406 1056 3679 1119 historiam
3705 1056 3839 1123 hanc

2246 1126 2495 1181 subtilius
2547 1126 2933 1204 e'xatninemus,
2968 1142 3025 1184 ut
3054 1126 3160 1204 non
3193 1126 3585 1204 modoibeatam
3639 1137 3837 1204 pardi-

2245 1212 2449 1262 cemus,
2475 1198 2569 1253 sed
2587 1200 2745 1253 etiam
2768 1201 3215 1256 imitemurillam.
3239 1202 3394 1258 Venit
3422 1205 3487 1259 ad
3507 1198 3686 1259 Jesuin
3714 1222 3837 1263 cum

2246 1278 2526 1342 apparatu,
2548 1281 2876 1340 unguentum
2905 1272 3135 1328 all‘erens
3154 1273 3205 1327 in
3228 1274 3518 1342 alabastro,
3543 1286 3597 1330 et
3625 1278 3676 1330 in
3709 1292 3839 1331 ocu-

2246 1338 2310 1390 lis
2331 1341 2475 1413 lacry
2486 1355 2597 1413 mas
2623 1338 2641 1395 Ξ
2660 1342 3011 1413 inanimatum
3037 1359 3127 1397 vas
3145 1346 3421 1413 unguenti,
3440 1338 3705 1401 animatus
3720 1349 3837 1402 fons

2245 1410 2622 1486 pten_itentiaa__:_
2639 1412 2952 1486 decerpere
2993 1413 3176 1486 carnis
3206 1410 3529 1486 unguentum
3550 1417 3727 1479 all‘ert,
3778 1429 3832 1473 ut

2245 1481 2547 1549 exstinguat
2570 1482 2804 1557 libidinis
2827 1485 3071 1557 faetorem
3094 1502 3106 1537 :
3126 1481 3369 1557 foetidum
3388 1488 3582 1556 quippe
3607 1499 3689 1542 est
3713 1505 3836 1557 pec-

2244 1560 2444 1631 catum,
2479 1560 2548 1633 ut.
2572 1554 2889 1635 testiﬁcatur
2914 1555 3074 1635 David
3090 1573 3118 1635 ἐ
3150 1554 3543 1635 Putruerunt
3585 1554 3838 1635 εριᾙὶρίίε

2243 1629 2359 1697 sunt
2373 1621 2629 1697 cicatrices
2648 1640 2788 1687 mete,
2804 1642 2834 1697 ᾳ
2854 1625 2986 1693 facie
3004 1626 3309 1695 insipientia:
3334 1644 3454 1681 mae
3471 1628 3638 1697 (Psal.
3657 1621 3750 1685 57.,
3756 1631 3833 1694 6).

2242 1690 2435 1744 Omnis
2458 1694 2545 1770 qui
2568 1705 2770 1762 peccat,
2802 1690 2985 1770 foetet;
3013 1690 3185 1770 omnis
3206 1698 3293 1764 qui
3320 1690 3684 1766 pteuit‘entiam
3707 1690 3833 1770 agit,

2244 1766 2573 1837 unguentum
2591 1776 2869 1837 prmparat.
2889 1766 3081 1821 Verum
3098 1779 3153 1819 ut
3170 1768 3221 1821 in
3246 1770 3525 1837 unguentis
3542 1772 3706 1824 multa
3726 1766 3839 1824 aro-

2244 1842 2405 1910 litata,
2426 1836 2503 1910 sic
2518 1844 2570 1886 et
2587 1836 2728 1888 varia
2742 1846 2865 1889 sunt
2880 1838 3202 1910 pteuitentiae
3218 1836 3433 1908 genera.
3451 1839 3675 1910 Oportet
3695 1843 3835 1897 enim

2245 1902 2409 1980 multa
2449 1905 2583 1957 bona
2628 1921 2789 1970 Opera
2811 1902 3007 1961 multos
3026 1902 3318 1980 congerEre
3336 1902 3552 1973 fructu-5,
3572 1913 3659 1980 qui
3682 1914 3842 1980 paeni-

2248 1974 2429 2047 tentia:
2462 1986 2783 2043 unguentum
2820 1988 3024 2047 parent.
3051 1974 3219 2032 Vultis
3238 1995 3396 2035 nosse
3412 1974 3650 2035 mulieris
3666 1974 3841 2037 ﬁumi-

2244 2043 2489 2122 litatem?
2523 2043 3025 2122 Alteranillaimulier
3053 2060 3380 2122 unguentum
3406 2053 3658 2116 aﬂ‘erens,
3677 2070 3836 2122 super

2243 2112 2634 2192 Ultristihcaput
2660 2116 2882 2192 elfuudit
2910 2112 3249 2192 (halt/1:26.
3285 2120 3356 2192 7)
3394 2140 3407 2176 :
3434 2138 3554 2175 nam
3589 2112 3655 2176 ex
3686 2112 3832 2179 re'cte

2246 2184 2399 2238 factis
2439 2186 2686 2239 liduciam
2714 2188 2897 2242 habuit
2919 2184 2942 2245 ἐ
2975 2190 3088 2243 ha:c
3103 2205 3164 2243 ex
3186 2184 3511 2246 conscientia
3524 2194 3839 2248 delictorum

2242 2270 2348 2335 uou
2380 2268 2535 2335 caput
2556 2258 2736 2319 audet,
2766 2261 2859 2313 sed
2880 2270 3117 2335 extrema
3136 2263 3349 2335 _pedum
3370 2272 3571 2316 tantum
3601 2275 3837 2335 tangere.

2241 2324 2424 2398 Neque
2444 2329 2616 2381 minus
2635 2341 2922 2397 operantur
2938 2332 3120 2398 pedes.
3135 2324 3265 2385 Nam
3279 2335 3439 2387 sinon
3461 2324 3838 2389 vestimentum

2241 2396 2421 2470 modo,
2441 2396 2694 2470 sedetiam
2714 2400 2916 2455 limbria
2931 2396 3224 2456 vestimenti
3245 2405 3529 2470 perfectam
3547 2407 3831 2460 sanitatem

2240 2467 2478 2537 credenti
2518 2469 2757 2537 largitur,
2791 2481 2844 2524 et
2865 2472 3127 2526 laudabile
3152 2467 3321 2527 reddit
3352 2475 3621 2529 credentis
3638 2474 3839 2530 furtum

2243 2536 2414 2608 (Ibid.
2457 2539 2511 2593 9.
2546 2536 2652 2609 20)
2673 2552 2920 2614 ;__quanto
2945 2543 3111 2611 magis
3142 2544 3361 2614 vestigia
3395 2545 3591 2600 Christi
3618 2556 3845 2614 possunt

2252 2611 2846 2685 peccatortunuvibices
2894 2613 3112 2685 delere?
3154 2611 3449 2685 Non'ergo
3501 2611 3827 2685 unguentum

2244 2689 2453 2757 tantum
2472 2680 2678 2744 ell‘udit,
2710 2681 2806 2757 sed
2833 2684 3001 2757 etiam
3043 2687 3213 2757 lentes
3259 2680 3614 2757 lacrimarum
3644 2689 3833 2741 movit.

2243 2750 2390 2827 Beati
2440 2751 2614 2827 laeui
2635 2752 2904 2827 mulieris,
2964 2755 3102 2807 unde
3155 2750 3557 2827 manant'llnvii
3616 2770 3839 2827 peccata

2242 2820 2538 2875 abluentes.
2573 2821 2649 2875 Te
2700 2821 2785 2875 illa
2836 2824 3026 2877 doceat
3051 2840 3147 2878 cur
3177 2827 3330 2880 nobis
3360 2826 3501 2881 Deus
3528 2820 3718 2884 oculos
3739 2829 3838 2883 de-

2242 2892 2402 2969 derit.
2432 2890 2567 2969 Num
2599 2903 2801 2969 tantum
2832 2906 2887 2948 ut
2914 2895 3050 2948 visui
3070 2896 3373 2969 servirent?
3400 2897 3512 2952 lloc
3536 2907 3590 2951 et
3625 2900 3837 2969 singula

2244 2962 2398 3037 bruta
2430 2964 2677 3037 animalia
2700 2964 2929 3029 habent;
2964 2969 3070 3018 imo
3097 2967 3137 3019 si
3160 2977 3409 3023 accurate
3429 2984 3657 3037 quaeras,
3684 2962 3842 3025 bruta

2242 3032 2483 3100 qumdam
2510 3035 2715 3087 acutius
2742 3050 2900 3101 quam
2936 3051 3032 3089 nos
3052 3037 3255 3091 vident.
3284 3038 3418 3093 Nam
3444 3032 3538 3094 tibi
3564 3041 3701 3094 oculi
3731 3057 3841 3095 non

2242 3104 2308 3176 ξύ
2339 3105 2506 3156 visum
2538 3104 2717 3176 modo,
2751 3106 2843 3159 sed
2867 3108 3024 3160 etiam
3054 3107 3119 3160 ad
3157 3109 3518 3176 ptenitentiam
3542 3111 3659 3164 usui
3686 3124 3836 3166 sunt.

2244 3173 2440 3228 Beatus
2459 3189 2517 3229 es
2537 3176 2579 3227 si
2614 3175 2880 3230 lavacrum
2913 3173 3242 3242 baptismatis
3272 3181 3569 3234 servaveris
3596 3200 3609 3234 :
3642 3182 3685 3234 si
3710 3198 3842 3236 vero

2244 3253 2303 3321 u_t
2326 3246 2493 3321 homo
2520 3246 2846 3315 interceptus
2872 3248 3244 3321 fuisti,_emitte
3262 3250 3434 3304 fontes
3458 3252 3840 3321 lacrymarum.

2244 3314 2418 3370 Habes
2447 3324 2694 3384 puteum;
2728 3314 2802 3371 ex
2838 3318 3101 3385 profundo
3130 3321 3307 3375 cordis
3337 3314 3608 3375 tristitiam
3642 3322 3791 3377 hauri
3815 3363 3834 3384 .

2243 3387 2382 3456 agita
2410 3388 2650 3457 geminas
2674 3388 2922 3457 pupillas,
2974 3390 3188 3446 effunde
3214 3392 3566 3458 lacrymarum
3597 3392 3837 3458 ﬂuenta;

2244 3462 2537 3534 secundum
2560 3460 2822 3534 rationem
2850 3460 3167 3534 delictorum
3194 3463 3302 3518 sint
3321 3460 3593 3534 lacryma}.
3616 3463 3841 3533 Exigua:

2243 3528 2402 3582 stilla:
2446 3530 2593 3583 leves
2644 3530 2879 3602 l'estucas
2922 3530 3204 3597 auferunt;
3252 3528 3514 3602 profunda
3539 3528 3758 3587 ﬂumina
3784 3547 3841 3589 et

2247 3608 2512 3673 torrentes
2542 3600 2711 3673 rapidi
2735 3611 3041 3673 truncorum
3066 3600 3263 3669 onera,
3282 3613 3337 3658 et
3358 3616 3634 3673 petrarum
3665 3606 3840 3659 moles

2250 3668 2462 3723 trahere
2501 3668 2694 3745 soleut.
2714 3672 2985 3745 AAppende
3027 3668 3245 3742 peccata
3283 3668 3390 3728 tua.
3419 3675 3474 3729 Si
3503 3677 3621 3729 leve
3644 3692 3839 3745 pecca-

2245 3747 2357 3793 tum
2408 3751 2512 3807 est,
2552 3740 3078 3816 sufﬁcit‘paululum
3120 3745 3504 3816 lacrymarnm;
3554 3747 3601 3799 si
3636 3740 3838 3816 grande

2248 3819 2526 3879 peccatum
2550 3822 2651 3887 est,
2686 3812 2856 3887 mijr
2876 3816 3203 3887 sititorrens
3232 3812 3715 3887 'lacrymarumei
3744 3834 3838 3869 an-

2247 3890 2357 3934 tem
2400 3897 2521 3956 cum
2561 3883 2684 3956 vita:
2730 3884 2921 3937 ﬁducia
2972 3886 3233 3956 lacrymas
3274 3886 3326 3940 in
3362 3883 3625 3955 promptu
3664 3897 3719 3941 et
3742 3903 3837 3942 cor

2244 3954 2533 4028 contritum
2562 3951 2842 4028 habes,_ac
2862 3970 2967 4009 non
2995 3951 3186 4011 oniiies
3216 3971 3312 4026 pro
3341 3951 3392 4011 te
3420 3951 3685 4028 lacrymas
3710 3958 3835 4011 fun-

2245 4020 2350 4088 dis,
2382 4024 2516 4097 mihi
2536 4033 2738 4097 partem
2762 4025 3116 4096 lacrymarum
3138 4020 3448 4092 commoda;
3481 4020 3576 4097 pro
3606 4029 3834 4083 fratrum

2248 4095 2480 4168 peccatis
2506 4095 2651 4168 iuge.
2681 4094 2749 4168 Et
2775 4111 2862 4149 vos
2878 4094 3054 4162 inﬂati
3074 4099 3211 4161 estis,
3239 4109 3285 4150 et
3311 4115 3412 4151 non
3440 4094 3609 4168 potius
3631 4100 3836 4153 lun'stis

2246 4164 2334 4231 (1.
2362 4161 2483 4218 Cor.
2510 4161 2626 4238 5.ξὲ
2646 4167 2685 4235 ).
2708 4165 2821 4238 Non
2869 4170 3106 4238 peccavit
3146 4168 3381 4234 Samuel,
3427 4161 3521 4224 sed
3551 4184 3647 4238 pro
3671 4170 3837 4226 Saﬁle

2247 4246 2531 4310 peccatore
2569 4235 2726 4310 lusit.
2784 4237 3103 4310 Paulusest
3152 4255 3242 4293 vas
3268 4235 3567 4305 electionis,
3607 4242 3702 4295 sed
3737 4256 3835 4310 pro

2246 4305 2404 4379 nobis
2428 4305 2592 4360 dolet.
2621 4308 2751 4379 Quis
2779 4308 3175 4379 scandalizatur,
3197 4311 3381 4379 inquit,
3411 4322 3457 4363 et
3472 4329 3563 4379 ego
3591 4328 3692 4364 non
3710 4305 3833 4365 u'ror

2248 4375 2332 4445 (2.
2360 4375 2477 4430 Cor.
2502 4379 2589 4431 11.
2612 4378 2683 4433 29
2702 4378 2758 4448 )ἳ
2788 4377 2971 4432 Videu'
2992 4375 3524 4448 quomodoscandala
3549 4398 3665 4435 mea
3686 4382 3836 4438 Pauli

2247 4462 2343 4501 cor
2363 4449 2910 4522 conterant‘lUtinam
2933 4461 3109 4503 autem
3136 4451 3323 4522 singuli
3348 4463 3589 4506 nostrum
3613 4463 3834 4522 peccata

2247 4467 2343 4501 cor
2363 4467 2645 4502 conterunt
2664 4467 2681 4499 .’
2703 4467 2910 4503 uunam
2933 4467 3109 4503 autem
3136 4467 3323 4573 smgun
3348 4467 3589 4506 nostrum
3613 4467 3829 4522 peccata

2246 4533 2342 4591 sua
2368 4518 2617 4591 lacrymis
2637 4519 2946 4591 abstergere
2964 4531 3198 4587 possent.
3249 4523 3495 4576 mitetnur
3516 4528 3829 4591 mulierem;

2249 4588 2500 4662 lacrymis
2528 4590 2662 4662 rigat
2693 4588 2854 4658 pedes
2875 4589 3023 4656 Jesu,
3053 4603 3321 4661 unguento
3353 4595 3516 4662 ungit.
3552 4590 3832 4662 Lacry'mis

2249 4659 2432 4728 pedes.
2458 4659 2608 4714 Unde
2631 4672 2864 4729 peccata.
2890 4662 3014 4715 inde
3036 4659 3289 4716 remedia.
3317 4659 3521 4717 Audisti
3548 4659 3834 4719 Dominum

2250 4732 2408 4782 hodie
2434 4731 2700 4785 dicentem
2736 4750 2746 4784 :
2793 4732 3105 4801 Quicumque
3126 4734 3301 4786 viderit
3326 4736 3585 4787 mulierem
3610 4736 3675 4786 ad
3704 4752 3833 4788 ροη-

2248 4802 2604 4869 cupiscendum
2631 4821 2761 4864 eam,
2781 4805 2893 4872 jam
2940 4804 3211 4857 tumeliam;
3237 4816 3307 4855 est
3336 4821 3448 4857 eam
3472 4807 3525 4857 in
3559 4806 3713 4858 corde
3740 4822 3832 4859 suo

2251 4872 2475 4945 (Matth.
2497 4873 2633 4928 5.9.8
2652 4874 2693 4941 ).
2718 4875 2847 4940 Quia
2876 4889 2941 4927 ex
2964 4874 3076 4927 visu
3093 4877 3591 4945 pecgitumincepit.
3619 4875 3720 4929 Ubi
3749 4893 3836 4930 nt-

2248 4945 2339 4997 dix
2358 4944 2608 5015 libidinis,
2630 4945 2700 4997 ibi
2728 4946 2846 4998 fons
2861 4947 3167 4999 curationis.
3187 4943 3257 4998 Et
3276 4947 3474 5015 capillis
3494 4943 3633 4998 tersit
3660 4948 3678 5015 (
3702 4946 3831 5000 Luc.

2249 5015 2301 5067 7.
2334 5014 2461 5083 58).
2495 5013 2628 5089 Num
2663 5030 2780 5082 qua:
2808 5027 3135 5089 unguentum
3162 5013 3387 5089 emerat,
3415 5026 3467 5089 et
3502 5013 3833 5069 alabaStrum

2251 5094 2551 5153 paraverat,
2586 5085 2805 5140 linteum
2829 5101 2934 5138 non
2978 5087 3159 5140 habuit
3187 5085 3459 5154 paratum?
3480 5104 3656 5140 annon
3687 5099 3835 5155 pote-

2252 5165 2332 5226 rat
2362 5156 2535 5225 rigare
2561 5157 2809 5225 lacrymis
2845 5165 2899 5208 et
2924 5157 3089 5210 linteo
3129 5160 3365 5226 tergere?
3395 5162 3462 5210 At
3504 5174 3611 5210 non
3666 5159 3835 5211 audet

2254 5225 2354 5279 hoc
2383 5228 2558 5281 facere
2590 5244 2603 5277 :
2633 5242 2756 5279 nam
2775 5228 2935 5280 linteo
2954 5225 3258 5296 abstergere
3276 5228 3488 5281 Christo
3518 5230 3833 5282 reservaba-

2253 5308 2337 5349 tur
2371 5297 2548 5366 (Joan.
2570 5298 2656 5350 15.
2690 5298 2765 5366 5).
2789 5298 2947 5350 Forte
2968 5298 3050 5351 illa
3072 5300 3284 5362 timens,
3318 5301 3521 5352 cautius
3545 5300 3655 5367 agit
3688 5316 3832 5352 :non

2250 5370 2365 5421 vult
2397 5369 2538 5421 enim
2566 5370 2800 5436 peccatis
2834 5370 3073 5436 corporis
3107 5370 3339 5423 remedia
3364 5370 3618 5424 adhibere
3660 5372 3836 5423 inani-

2250 5450 2411 5492 mata.
2431 5440 2565 5504 Quid
2578 5440 2721 5492 enim
2740 5439 2811 5491 illi
2833 5439 3310 5506 proderatliuteum
3327 5440 3672 5494 inanimatum
3689 5450 3835 5494 tactu

2252 5512 2492 5577 corporis
2520 5508 2715 5563 Chrisn
2744 5510 3111 5563 sanctilieare?
3154 5509 3406 5563 Naturam
3436 5511 3676 5578 innovat,
3709 5512 3834 5565 loco

2253 5580 2400 5633 lintei
2428 5580 2634 5649 capillis
2661 5580 2935 5648 abstergit.
2973 5578 3123 5634 Unde
3148 5590 3382 5648 peccata,
3415 5581 3538 5635 inde
3565 5583 3827 5637 retin-dia.

2251 5652 2506 5704 Omnibus
2531 5652 2784 5705 membris
2812 5658 3142 5719 peccaverat,
3176 5651 3422 5705 omnibus
3459 5652 3717 5706 membris
3741 5666 3833 5705 sa.

2253 5734 2364 5774 nat.
2400 5721 2654 5776 Juvenem
2684 5721 2877 5776 lascive
2904 5730 3249 5788 respexerat;
3279 5722 3631 5792 lacrymarum
3654 5722 3830 5775 fontes

2253 5794 2488 5846 emittit:
2537 5802 2853 5860 peccaverat
2906 5793 3101 5846 osculis
3133 5792 3437 5847 meretricis
3480 5801 3536 5846 et
3572 5808 3828 5846 manuum

2257 5875 2401 5919 tactu
2427 5864 2659 5919 animam
2676 5880 2775 5920 con
2784 5863 3110 5929 tamiuando;
3126 5863 3289 5935 pedes
3307 5862 3505 5919 Christi
3531 5867 3822 5935 oscuiatur,
